2942 4942
151 273 288 397 '·m
439 303 1147 413 reuorAMda,

241 461 1276 564 mmmmmwmmammmms

1109 570 1276 664 Schioppius
1363 595 1367 599 “

209 741 213 768 ³
240 745 262 775 “
274 739 417 793 catholice
428 740 550 801 Ecclefiae
561 741 654 795 'veritas
668 739 761 797 efficax
773 744 927 807 admodum,
944 746 970 797 δι
982 764 1040 813 quae
1056 745 1116 797 Deo
1133 746 1278 808 niteretur(

242 816 262 844 “
276 810 353 881 louge
374 811 509 865 clarissima
533 814 599 867 mihi
617 814 772 877 videbatur,
791 817 927 867 Honorem
945 815 1093 868 sanfloruur
1114 815 1274 883 reliquiis&

242 882 434 951 “imaginibus
451 882 584 946 habitum,
611 900 733 936 necnon
755 885 925 946 ceremonias,
943 902 1002 953 qua
1027 886 1095 937 inter
1117 886 1271 937 catholicoe

242 956 262 983 ‘⁴
276 950 443 1020 usurpantur,
460 954 485 1005 δι
498 952 612 1021 prodesse
624 952 778 1023 plurimum,
796 957 821 1006 δι
834 955 955 1023 pietatem
968 971 1021 1007 uon
1033 955 1125 1007 leviter
1138 956 1269 1019 stimulare

242 1018 434 1087 “judicabam
472 1024 522 1075 His
535 1024 662 1083 addebam
681 1024 796 1083 haerefun
813 1028 912 1077 Satonae
928 1024 1086 1086 illecebram,
1104 1044 1134 1078 ac
1146 1025 1270 1094 laqueum

240 1096 261 1123 ‘⁴
274 1090 333 1155 elle,
342 1111 395 1161 quo
404 1092 514 1145 incautae
526 1094 676 1147 mortalium
686 1094 883 1150 menteemisere
893 1096 1038 1164 capiuntur.
1059 1096 1122 1147 Alia
1132 1096 1271 1164 permulta,

239 1166 261 1229 ’ἒ
273 1180 332 1230 quae
347 1162 415 1217 mihi
430 1164 457 1219 in
471 1178 583 1215 mentem
597 1166 745 1229 veniebant,
763 1163 865 1217 filontio
880 1180 1014 1235 praetereo,
1032 1167 1103 1233 quod
1113 1166 1271 1219 valetudinis
1290 1193 1296 1208 ι

241 1237 260 1267 ⁸⁸
273 1232 338 1285 vitio
350 1234 470 1303 adempta
480 1236 587 1303 potestas
600 1236 634 1287 est
644 1253 733 1288 eorum
743 1235 894 1288 memoriam
903 1236 1046 1305 repetendi.
1065 1238 1124 1287 Hoc
1133 1254 1184 1287 non
1192 1237 1270 1287 omit-

225 1324 226 1330 *
241 1308 262 1336 “
276 1315 339 1365 tam,
351 1306 422 1372 quod
436 1322 496 1355 cum
507 1318 582 1365 antea
594 1322 647 1357 non
660 1305 749 1371 semel,
764 1320 809 1358 aut
823 1305 917 1358 iterum
931 1306 1025 1372 divinq
1034 1324 1075 1358 me
1088 1306 1210 1375 obsequio
1223 1322 1280 1375 pe*
1308 1346 1312 1351 .

240 1378 262 1406 “
275 1372 345 1425 nitus
357 1388 494 1443 totumque
505 1377 605 1427 tradere
616 1376 785 1439 destinassem,
803 1393 849 1444 per
868 1376 894 1428 id
911 1377 1025 1428 maxime
1038 1391 1140 1445 tempus
1158 1375 1270 1445 religiosi

241 1448 263 1486 .“
275 1440 417 1497 famulatur
430 1444 575 1508 confilium,
594 1446 688 1515 quippe
699 1459 783 1500 ratum
805 1448 888 1515 magio
908 1465 938 1502 ac
957 1448 1073 1509 firmum,
1100 1446 1272 1510 maturescere

241 1518 262 1547 ‘⁴
275 1513 358 1565 risum
379 1515 431 1568 este
461 1532 521 1567 cum
546 1531 633 1567 autem
658 1516 817 1578 dubitarem,
838 1534 917 1584 quam
938 1517 1026 1586 potius
1045 1516 1180 1585 eligerem,
1198 1530 1270 1568 nuuc

240 1582 309 1635 “ob
327 1584 416 1636 oculos
434 1602 533 1653 ponens
555 1585 774 1651 Cartbustanorurn
795 1587 925 1649 ordinem,
951 1604 1022 1638 nunc
1043 1586 1107 1638 alios
1139 1586 1270 1641 diversos:

239 1656 262 1686 “
276 1654 431 1706 Societatem
443 1656 506 1725 Jesu
518 1655 614 1708 caeteris
627 1655 740 1725 praetuli,
758 1658 784 1707 in
803 1674 885 1726 eaque
903 1658 978 1709 statui
997 1654 1156 1722 coadjutoris
1174 1674 1271 1709 munus

241 1729 262 1756 “
275 1726 382 1792 exequi,
400 1726 432 1788 de
445 1724 564 1779 dodlrina
575 1727 683 1787 ueritus,
701 1744 733 1777 oe
747 1744 799 1779 non
812 1729 845 1779 ad
862 1727 1032 1780 sacerdotium
1050 1728 1110 1779 satis
1126 1728 1202 1781 esset:
1223 1744 1269 1779 ve·

241 1798 334 1845 “rum
356 1795 461 1858 deinde,
487 1812 547 1847 curu
569 1813 602 1848 ex
628 1795 762 1849 nonnullis
788 1797 946 1859 didicissem„
965 1796 1112 1849 dodlrinam
1142 1815 1185 1850 me
1208 1815 1270 1850 cum

241 1870 261 1897 “
274 1864 359 1916 studio
370 1866 588 1919 &excreatione
601 1866 695 1936 assequi
714 1866 794 1937 posfe,
812 1870 864 1921 huc
877 1867 941 1920 serio
952 1870 1069 1921 animum
1081 1867 1182 1937 appuli,
1200 1869 1270 1919 uode

240 1939 262 1967 “
276 1936 393 2002 protinus
406 1937 543 2006 expeditis,
561 1936 657 2005 quibus
670 1938 696 1989 in
711 1938 803 2006 Anglia
814 1939 957 2007 implicitus
970 1956 1040 1990 eram
1054 1940 1175 2008 negotiis,
1194 1938 1270 2005 quic-

241 2004 337 2073 “quid
359 2006 426 2061 mihi
449 2006 516 2059 sorte
536 2022 663 2066 evenerat,
684 2009 710 2060 in
730 2010 847 2077 pecuniae
870 2010 995 2061 summam
1011 2010 1095 2077 coegi,
1113 2025 1269 2075 mecumque

241 2078 262 2107 “
275 2075 322 2127 has
343 2078 368 2129 in
390 2092 474 2147 partes
488 2078 659 2147 comportavi,
678 2094 706 2131 ut
726 2080 816 2131 studiis
837 2097 941 2148 operam
955 2093 1089 2141 narrarem,
1107 2097 1166 2147 quae
1179 2078 1269 2140 velim,

240 2149 261 2179 “
274 2143 349 2199 fratri
361 2165 420 2199 meo
432 2149 464 2200 ad
480 2150 530 2199 hoc
543 2149 602 2199 vitae
615 2148 759 2205 institutum
773 2148 932 2213 conferatur,
951 2151 997 2217 qui
1008 2163 1107 2212 tamen,
1123 2150 1140 2201 sr
1155 2150 1180 2201 id
1193 2149 1269 2210 nolit,

240 2220 261 2247 “
274 2232 397 2287 erogetur
408 2216 453 2281 eis,
471 2220 567 2286 quibus
589 2220 643 2271 haec
666 2220 774 2271 vivendi
788 2222 852 2272 ratio
873 2223 899 2271 in
920 2223 1014 2273 animo
1030 2221 1074 2284 est,
1091 2238 1145 2289 qua
1157 2216 1269 2285 meoju·

240 2290 261 2319 “
274 2287 428 2351 diciouulle
442 2290 500 2341 Deo
513 2290 641 2358 acceptior
653 2291 794 2359 excogitari
807 2292 896 2359 potest.
1005 2348 1011 2361 ,
1158 2295 1159 2298 ’

281 2360 445 2428 “Equidem
460 2359 635 2426 (immortales
649 2362 708 2412 Deo
727 2362 823 2429 gratiae
845 2360 943 2424 habeo)
961 2357 1016 2427 jam
1037 2360 1096 2411 inde
1113 2357 1270 2429 propositum

239 2439 260 2468 ‘⁸
274 2434 374 2486 strenue
388 2428 447 2492 urfi,
467 2446 531 2483 unas
551 2430 633 2481 solum
654 2432 742 2500 accepi
763 2429 860 2493 literas,
879 2431 976 2499 quibus
994 2431 1118 2500 scriptum
1140 2445 1195 2483 erar
1214 2446 1268 2480 ma-

239 2510 261 2537 “
274 2518 352 2561 trem,
370 2500 416 2552 nlsl
435 2517 491 2551 earn
512 2502 659 2563 teuderam,
685 2500 770 2551 dolori
794 2502 1004 2553 succumbentem
1029 2501 1102 2553 brevi
1119 2499 1168 2552 elle
1189 2499 1268 2551 mori·

240 2580 260 2608 “
272 2587 369 2631 turam,
381 2570 478 2639 quibus
490 2568 565 2622 lesbia
578 2570 709 2639 ambigere
722 2570 884 2638 aliquantum
897 2572 965 2640 coepi
977 2573 1041 2640 quid
1051 2572 1181 2639 agendum
1192 2568 1268 2629 effen

237 2649 259 2679 “
273 2658 334 2696 eum
347 2656 433 2691 autern
447 2639 568 2707 perendie
581 2640 666 2697 Missa:
679 2641 803 2693 sacrificio
816 2641 971 2704 interessem,
986 2644 1012 2693 in
1024 2641 1161 2710 evangelio
1170 2638 1267 2692 ledum

239 2719 261 2746 “
275 2714 325 2765 est:
347 2711 401 2780 Qi
414 2709 548 2777 reliquerit
559 2725 668 2778 patrem,
681 2725 726 2763 aut
739 2727 858 2773 matrem,
877 2714 927 2763 &c
940 2725 1104 2781 proptermc,
1117 2711 1267 2778 centuplum

239 2790 260 2817 “
273 2780 383 2850 accipiet
396 2780 422 2831 in
443 2782 493 2831 hoc
512 2780 621 2841 mundo,
641 2782 665 2831 31
679 2782 759 2833 vitam
772 2797 895 2833 aeternam
908 2782 1058 2851 possidebit,
1091 2786 1153 2849 Qo
1170 2776 1267 2832 fastum

237 2858 258 2887 “
272 2854 317 2915 est,
335 2868 393 2918 quae
405 2850 456 2901 Dei
470 2850 617 2917 benignitas
629 2851 673 2913 cll,
692 2868 722 2903 ut
743 2852 837 2903 initum
855 2851 909 2919 jam
924 2852 1058 2904 confilium
1076 2852 1158 2920 magis
1170 2870 1201 2903 ac
1212 2867 1269 2902 ma·

166 2946 171 2956 x
239 2924 314 2993 “gis
334 2921 360 2971 in
381 2920 436 2971 dies
457 2920 570 2989 singulos
585 2920 762 2974 firmaretur.'’
799 2922 900 2993 Cydonis
911 2922 1027 2993 Apologia
1042 2937 1089 2992 pro
1102 2925 1222 2986 Garnero,
1240 2937 1268 2990 p.

280 2990 382 3057 ideleq
406 3028 412 3041 .
917 3027 923 3036 =
958 3014 960 3017 ⁴

240 3014 303 3119 35It
315 3065 361 3115 has
375 3008 438 3111 bqeen
452 3058 541 3113 before
559 3060 674 3127 noticed‚
693 3061 751 3126 that
765 3062 790 3114 in
807 3061 859 3114 thie
873 3060 998 3132 Apology
1011 3060 1053 3113 for
1064 3064 1160 3115 Garnet
1173 3062 1193 3113 is
1206 3076 1269 3115 con·

238 3134 327 3187 tained
340 3150 354 3184 a
368 3146 411 3183 cut
423 3131 600 3201 representing
613 3132 656 3183 the
670 3132 754 3195 flraW,
768 3133 835 3185 from
849 3133 937 3185 whi'ch
958 3134 1015 3185 that
1028 3132 1117 3184 before
1137 3129 1270 3183 exhibited

238 3222 293 3257 was
312 3202 415 3271 copied,
433 3203 484 3255 and
508 3219 547 3253 we
571 3220 631 3272 may
654 3204 807 3273 reasonably
830 3202 953 3271 imagine,
980 3204 1037 3255 that
1060 3206 1139 3272 Cupes
1162 3202 1271 3269 turning

239 3293 304 3329 over
317 3275 361 3326 the
376 3271 445 3324 book
466 3272 492 3323 in
514 3273 591 3325 order
610 3287 637 3324 to
656 3274 751 3327 induce
766 3275 847 3338 Trito,
869 3272 938 3325 from
954 3273 1103 3326 atranfient
1115 3273 1181 3324 view
1194 3269 1225 3322 of
1238 3272 1270 3321 its

239 3358 370 3405 contenta,
389 3358 416 3394 to
428 3343 552 3412 purchase
565 3343 595 3407 it,
608 3344 721 3415 casually
738 3345 820 3413 ligius
833 3362 868 3395 on
888 3344 932 3395 the
950 3342 1106 3413 cagraviog,
1122 3342 1174 3394 and
1187 3342 1214 3393 io
1227 3342 1271 3392 the

238 3416 340 3487 passage
353 3414 378 3465 in
391 3414 436 3465 the
449 3426 504 3465 text
516 3413 602 3481 points
616 3414 635 3465 it
648 3428 694 3467 out
706 3416 824 3467 to‘srr'co.

274 3484 392 3553 ²Jacobi
404 3482 581 3551 (semeonis-4
599 3484 630 3534 ln
650 3486 695 3536 the
714 3486 839 3537 Nouveau
859 3482 1041 3538 Didionnaire.
1056 3480 1272 3551 Historique-l'orn

239 3557 312 3621 tatis,
331 3556 352 3606 is
360 3556 405 3606 the
418 3553 555 3621 following
568 3553 658 3605 article
670 3554 711 3605 for
723 3557 812 3619 James
825 3554 943 3615 Ument,
960 3555 1005 3607 the
1017 3554 1108 3623 person
1120 3551 1270 3603 mentioned

239 3627 268 3681 in
281 3628 325 3678 the
339 3640 404 3686 text,
423 3624 512 3675 which
525 3624 545 3674 it
558 3624 604 3676 has
618 3624 682 3674 been
696 3622 796 3691 judged
815 3640 910 3693 proper
927 3637 955 3674 to
975 3624 1053 3675 infert
1074 3624 1100 3673 iu
1121 3624 1167 3674 the
1187 3624 1272 3673 words
1353 3650 1356 3657 ·

239 3695 271 3748 of
296 3698 328 3747 its
355 3694 465 3747 author:
498 3693 628 3747 ‘clement
651 3693 967 3763 (Juquesfflowinicain,
994 3691 1064 3745 natif
1084 3694 1116 3743 de
1141 3692 1274 3752 dordonae,

235 3772 245 3799 ‘
262 3764 325 3817 &tort
339 3763 387 3832 age
399 3764 538 3817 d’environ
556 3782 586 3832 25
608 3782 653 3815 ans
667 3768 691 3815 δι
705 3765 793 3817 veuoit
806 3764 889 3815 d'setre
907 3763 956 3815 fait
974 3763 1074 3825 Prdtre,
1092 3760 1211 3830 lorsqu’il
1222 3760 1273 3830 prit

168 3850 172 3860 ⁴
239 3836 287 3886 ‘la
309 3834 452 3886 resolution
469 3833 624 3886 d'affaffiner
645 3834 696 3886 son·
710 3834 773 3887 Roi.
811 3834 912 3887 C’etoit
933 3852 968 3885 un
990 3834 1096 3885 homme
1116 3833 1182 3884 d’un
1196 3830 1273 3901 esprit

238 3913 247 3939 ⁶
262 3904 342 3956 foible
353 3906 377 3955 dc
390 3904 416 3953 d’
430 3921 482 3955 une
497 3903 667 3973 imaginatiou
681 3904 811 3972 dereglse.
849 3905 873 3956 Il
887 3904 1003 3956 consulta
1016 3903 1060 3955 son
1074 3903 1161 3983 prieur
1174 3901 1215 3954 fur
1228 3900 1274 3952 son

241 3974 369 4035 ‘deffeim
387 3976 412 4024 de
435 3989 475 4025 cet
496 3976 600 4027 homme
620 3994 653 4027 au
674 3974 727 4029 lieu
747 3976 779 4025 de
805 3975 858 4027 l’en
873 3972 1025 4034 de‘tourner,
1046 3974 1085 4025 lui
1099 3970 1222 4024 conscilia
1240 3970 1274 4023 de

239 4046 331 4113 ‘prier
343 4048 367 4095 ἃ
381 4044 413 4094 de
425 4042 528 4109 jeuner,
547 4062 613 4113 pour
634 4044 773 4097 conuoitre
796 4044 821 4096 la
838 4044 944 4095 voloute
957 4045 990 4094 dc
1013 4044 1093 4095 Dieu.
1129 4044 1173 4093 On
1192 4040 1274 4095 all'ure

238 4121 249 4152 f‘
263 4114 347 4167 meme
360 4117 439 4181 qu'on
454 4114 490 4186 lpi
505 4117 575 4181 parla
589 4116 704 4183 pendant
716 4116 742 4167 la
752 4115 866 4177 nuit,'&
878 4114 959 4183 qu'oo
972 4114 1009 4165 lui
1023 4114 1051 4164 sit
1063 4113 1189 4165 entendre
1201 4114 1275 4164 com·

240 4190 305 4238 ‘me
323 4202 373 4239 une
389 4186 450 4245 voire
464 4201 547 4238 venue
565 4186 601 4239 du
620 4182 669 4239 ciel
687 4187 734 4255 qui
753 4185 792 4239 lui
804 4184 946 4238 ordonnoit
957 4185 990 4236 dc
1002 4199 1060 4237 ruer
1073 4183 1097 4238 lc
1109 4197 1195 4255 tyran.
1217 4183 1277 4303 ‘331

623 4283 628 4289 -
975 4273 977 4277 ’
1257 4264 1277 4303 rt
