2942 4942
422 340 1253 452 reuocandas»

265 540 358 611 Cur.
382 537 555 625 Qtaenam,
572 518 683 603 Trici?

1101 684 1114 712 ,
1161 620 1254 695 Tar.

159 748 161 751 Ι
224 764 253 816 itt
265 762 311 815 tlte
324 759 573 830 followingwordsz
594 762 603 791 ⁴
616 761 678 827 Qu
690 755 806 827 peraclo,
818 775 879 811 cum
891 760 969 811 turba
978 756 1102 826 tantisper
1112 754 1253 819 secessisset,

223 840 234 866 ⁴
247 834 359 900 Joannes
380 832 536 900 Wiskinsonns
555 830 586 881 ad
601 830 749 897 patibulum
762 831 866 899 propius
879 828 989 891 acceffit,
1007 842 1125 879 nontam
1145 826 1256 889 visendi,

223 908 234 935 ⁴
267 919 336 964 uam,
345 900 362 954 fi
371 919 422 970 qua
429 901 531 953 ratione
537 899 621 952 forsan
632 898 722 969 posset,
731 899 850 950 nonnihil
861 899 1029 966 reliquiarum
1041 897 1149 948 tollendi
1158 897 1253 948 studio.
1275 928 1278 933 -

223 978 233 1004 ⁴
247 921 374 1025 darnifex
387 989 447 1024 cum
460 971 568 1023 carneti
577 987 671 1039 corpus
684 968 826 1031 dissecaret,
840 986 942 1038 pegma,
952 986 985 1019 ne
998 970 1024 1020 id
1037 985 1127 1020 cruore
1136 984 1254 1018 comma-
1295 989 1298 993 ·

198 1076 201 1083 -
223 1047 234 1075 ⁴
248 1042 388 1105 cularetur‚
401 1040 475 1111 palca
485 1039 551 1092 sorte
564 1042 746 1103 constraverat,
754 1038 876 1091 ‘multum
886 1039 963 1092 etiam
973 1036 1030 1107 ejus
1041 1037 1155 1091 materiae
1171 1040 1197 1088 in
1209 1054 1255 1089 or·

225 1116 235 1147 ⁴
248 1112 308 1164 bem
321 1111 469 1181 reliquerat,
481 1128 536 1181 quo
546 1107 773 1230 disseslicorporis
781 1112 897 1161 membra
911 1110 1004 1161 deinde
1014 1105 1163 1174 conjiceret.
1188 1108 1255 1159 Haec

226 1186 236 1214 ⁴
248 1184 360 1249 Joanncs
372 1182 436 1234 dum
448 1179 607 1233 occasionem
615 1179 694 1231 tollen
718 1180 833 1249 ialiquid
842 1181 1099 1249 operiensintuetur:
1118 1179 1187 1229 Ecce
1196 1177 1256 1239 tibi,

227 1259 236 1283 ⁴
250 1253 378 1305 incertum
388 1270 440 1320 qua
449 1252 558 1313 ratione,
564 1250 635 1320 spica
645 1250 764 1317 quaedam
770 1250 882 1303 carneri
889 1249 985 1318 aspersa
994 1249 1130 1319 sanguine,
1141 1248 1254 1325 necopi-

227 1327 236 1353 ⁴
249 1323 321 1374 nanti
339 1324 366 1375 in
380 1339 472 1375 manus
485 1319 610 1373 defertur·
648 1321 697 1371 Ille
708 1317 763 1386 jam
776 1323 830 1372 voti
840 1320 1020 1389 composnihil
1033 1334 1156 1389 praeterea
1167 1336 1256 1371 mora·

227 1396 237 1425 ⁴
248 1406 303 1456 tus,
312 1391 339 1445 in
348 1386 455 1445 domurn
465 1405 588 1443 matronae
598 1387 713 1459 speslatae
724 1391 790 1442 inter
798 1390 951 1443 Catholicos
958 1391 1070 1459 pietatis,
1078 1408 1108 1441 ac
1114 1390 1176 1441 fidei
1185 1385 1257 1441 resta

227 1466 237 1494 ⁴
251 1463 395 1525 contendit,
423 1462 502 1531 eique
514 1460 674 1515 asservandas
687 1478 729 1512 eas
751 1461 873 1531 martyris
888 1460 1010 1529 reliquias
1021 1460 1111 1523 tradit,
1128 1460 1174 1513 illa
1186 1458 1257 1528 crys-

164 1528 167 1541 '
227 1536 237 1564 ⁴
255 1531 320 1585 tallo
339 1530 449 1587 inclusas
471 1530 590 1603 religiose
610 1531 749 1583 Catholico
766 1531 817 1583 ritu
840 1531 958 1583 custodit.
997 1534 1099 1583 Interea
1116 1546 1177 1582 cum
1197 1545 1258 1582 cam

226 1607 237 1635 ⁴
254 1603 348 1664 morbo
359 1602 444 1655 nescio
463 1619 517 1670 quo
537 1602 736 1653 decumbentem
754 1604 866 1667 Joanncs
884 1601 935 1671 ipse
948 1620 1007 1654 cum
1021 1602 1073 1654 alio
1085 1602 1198 1669 quodam
1212 1600 1255 1651 in-

227 1678 236 1704 ⁴
255 1672 376 1736 viserent,
402 1671 580 1739 incidiffetque
597 1672 630 1721 de
653 1672 684 1725 P.
706 1675 816 1725 Garntto
835 1671 930 1735 sermo,
955 1689 1067 1741 cumque
1090 1670 1136 1726 illa
1159 1670 1257 1739 spicam

225 1749 236 1775 ⁴
253 1744 385 1813 quandam
407 1741 463 1809 ejus
485 1740 645 1811 conspersam
654 1741 786 1811 'sanguine
797 1743 866 1811 apud
880 1744 903 1794 se
914 1742 964 1795 esse
979 1744 1086 1804 diceret,
1104 1741 1201 1809 illeque
1212 1739 1255 1793 os·

225 1818 236 1846 ⁴
254 1813 328 1867 tendi
347 1812 394 1871 fibi
413 1811 568 1883 postulasset,
590 1812 668 1864 allata
690 1814 743 1864 est:
763 1830 819 1864 eam
843 1814 907 1866 dum
931 1815 1054 1866 attentius
1075 1812 1188 1881 inspicit,
1204 1828 1256 1880 ego

226 1887 236 1915 ⁴
256 1890 327 1945 vcro,
345 1884 442 1952 inquit,
461 1883 487 1935 in
500 1900 531 1934 ea
542 1882 614 1935 nibil
626 1882 826 1935 nisthumanam
842 1882 935 1936 faciem
945 1884 1032 1946 video,
1046 1884 1143 1936 excivit
1153 1900 1185 1933 ca
1202 1897 1258 1933 vox

227 1958 237 1986 ⁴
255 1955 288 2007 ad
304 1952 479 2023 spectaculum
505 1954 620 2022 primum
639 1968 784 2005 matronam
809 1954 887 2022 ipsam
911 1972 942 2006 ac
960 1957 1094 2019 Joannem,
1118 1970 1149 2004 eo
1170 1951 1255 2020 magia

225 2024 390 2085 ‘attonitos,
413 2023 483 2091 quod
508 2036 600 2092 praeter
620 2037 706 2092 guttas
730 2022 788 2075 illas
813 2024 984 2093 sauguinisin
1003 2022 1071 2092 spica
1089 2021 1157 2075 nihil
1180 2036 1258 2075 antea

227 2098 237 2126 ⁴
255 2094 491 2163 deprehenderant,
508 2107 566 2143 tum
584 2092 663 2142 etiam
681 2090 746 2143 alios
765 2105 844 2160 atque
866 2095 940 2155 alios,
959 2111 1025 2161 quos
1045 2093 1062 2145 ii
1075 2092 1116 2145 vel
1137 2109 1198 2144 cum
1210 2091 1257 2143 vix

224 2169 237 2203 ¹⁴
256 2163 303 2217 sibi
324 2162 370 2232 ipsi
388 2164 534 2223 crederent,
561 2162 737 2228 exploratores
754 2163 880 2227 veritatis,
906 2163 949 2214 vel
969 2163 1094 2216 miraculi·
1111 2163 1186 2214 testes
1206 2162 1258 2214 a'd·

226 2237 236 2267 ⁴
255 2232 408 2286 hibuetunt.
445 2232 495 2285 Sed
508 2247 568 2283 cum
581 2233 726 2283 constanter
743 2232 866 2285 omnibus
888 2235 913 2285 u
931 2235 1045 2285 bumana
1056 2250 1086 2284 ea
1106 2230 1216 2302 effigies,
1233 2232 1261 2283 dt

229 2307 239 2334 ⁴
258 2319 321 2355 uero
340 2303 449 2354 Garneti
468 2310 552 2369 quam‘
566 2299 697 2353 simillima
714 2301 862 2365 videretur3
881 2304 973 2355 divino
987 2302 1113 2354 beneficio
1125 2302 1260 2355 viventem

228 2372 285 2425 ‘itt
307 2371 353 2424 suo
377 2370 501 2439 sanguine
522 2384 662 2440 martyrem
684 2389 862 2440 agnoverunt:
887 2374 1003 2441 dumque
1025 2387 1054 2424 ut
1075 2372 1115 2437 fit,
1134 2370 1180 2424 alii
1198 2371 1258 2424 aliis

228 2448 238 2478 ⁴
257 2440 390 2497 Catholici
402 2458 456 2494 rem
469 2441 595 2500 indicant,
613 2442 857 2495 &concursationes
876 2444 975 2495 visendi
992 2443 1157 2507 causalium,
1174 2458 1260 2511 neque

225 2517 237 2545 ⁴
257 2512 386 2565 contineri
400 2508 456 2578 'jam
470 2510 668 2564 catholicorum
689 2512 844 2564 conscicntia
856 2512 911 2581 ejus
925 2514 994 2565 fama
1004 2514 1097 2583 potetl,
1114 2511 1260 2581 periculofi

228 2587 240 2615 ⁴
257 2580 370 2635 dominis
389 2580 438 2634 else
452 2594 577 2652 coeperat,
597 2599 655 2633 eum
670 2581 767 2635 interea
783 2585 815 2634 ad
828 2583 1009 2655 Hispaniensem
1021 2584 1136 2652 legatum
1151 2582 1260 2651 perlata,

229 2652 370 2705 ‘excitato
387 2649 444 2719 ejus
468 2668 573 2721 quoque
594 2651 714 2720 religioso
733 2652 832 2704 visendi
855 2655 949 2715 studio,
965 2656 991 2706 δι
1014 2654 1121 2706 salutem
1143 2654 1259 2705 dominia

228 2726 238 2753 ⁴
256 2720 353 2785 attulit,
373 2723 398 2773 dt
410 2737 465 2773 rem
478 2722 562 2774 multo
573 2723 686 2774 reddidit
697 2723 874 2775 illustriorem.
911 2724 987 2792 Spica
1005 2725 1074 2776 enim
1086 2724 1261 2786 libentillimie

228 2792 370 2845 ‘dominis
388 2792 458 2861 apud
479 2810 540 2844 eum
565 2792 687 2862 tantisper
709 2793 833 2863 deposita,
860 2795 923 2851 dum
947 2790 1152 2848 adsersariorum
1175 2795 1261 2848 rabies

227 2867 237 2895 ⁴
256 2862 398 2927 desaeviret,
416 2862 449 2914 ab
467 2880 551 2931 eoque
569 2863 699 2931 primariis
717 2864 791 2934 regni
812 2864 972 2927 consiliariis,
989 2866 1189 2936 proceribusque
1201 2865 1260 2935 pol·

228 2937 238 2965 ⁴
256 2932 335 2987 licitis
348 2932 415 2984 bona
431 2932 482 2984 fide
494 2932 518 2984 se
535 2933 630 3001 spicam
650 2934 779 3003 integram
799 2936 946 2987 reddituros
959 2936 1065 3000 ostensa,
1083 2954 1113 2988 ac
1124 2950 1260 2990 tantorum

228 3008 238 3036 ⁴
257 3003 374 3057 vitorum
387 3003 564 3055 tellisicatione
573 3004 736 3068 confirmata,
755 3023 809 3058 uon
821 3006 919 3075 regiam
932 3009 1021 3069 modo,
1034 3007 1179 3076 urbemque
1192 3008 1258 3059 Lair·

229 3074 351 3135 ‘dinam
373 3072 415 3125 sed
441 3073 586 3125 universam
608 3074 686 3125 etiam
710 3076 824 3144 Angliant
845 3076 955 3145 replevit
979 3078 1160 3130 admiratione.
1208 3076 1259 3128 Sed

228 3149 239 3175 ⁴
258 3142 432 3207 Cantuarenfis
452 3143 685 3214 pseudoepiscopus
700 3145 851 3212 Bancroftus
877 3148 1014 3215 indignum
1033 3163 1115 3213 ratus,
1146 3147 1171 3199 se
1191 3163 1260 3216 prae·

228 3217 239 3244 ⁴
259 3212 322 3274 sule,
341 3225 453 3274 tantum,
473 3216 498 3265 δι
519 3214 625 3281 quidem
646 3214 720 3281 palea
733 3215 890 3269 Calviniarae
909 3216 1079 3287 superstitioni
1098 3218 1195 3278 vulnus
1216 3219 1260 3270 in·

230 3287 240 3316 ⁴
259 3280 378 3345 flidum5
398 3283 424 3333 in
444 3282 561 3334 furorem
581 3302 660 3353 prope
673 3284 761 3337 versus
773 3302 803 3336 ea
823 3286 855 3336 de
869 3304 895 3337 re
913 3288 1211 3356 quaestioneminstituit,
1228 3304 1260 3339 ae
1304 3342 1308 3347 v

230 3350 355 3407 ‘multos
384 3349 496 3419 conjecit
528 3353 554 3404 in
585 3371 725 3419 carcerem,
760 3356 791 3407 ad
816 3373 883 3423 quos
914 3375 971 3410 cam
991 3358 1086 3427 spicam
1109 3356 1260 3427 pertinuisse

228 3420 435 3501 ‘suspicaretun
473 3424 571 3497 strunt
594 3425 671 3487 etiam
696 3425 792 3478 accitos
817 3427 850 3477 ab
873 3444 904 3478 eo
927 3426 1051 3497 pistores,
1069 3430 1115 3497 qui
1132 3445 1186 3480 rem
1203 3442 1259 3479 arte

230 3496 240 3525 ⁴
260 3492 434 3555 imitarentur,
452 3507 481 3545 ut
499 3510 529 3544 ea
550 3495 648 3546 ratione
667 3496 789 3549 miraculi
807 3498 910 3565 pondus
926 3498 1048 3560 elevaret,
1074 3515 1135 3550 cum
1148 3514 1261 3565 ingenue

232 3564 242 3593 ⁴
261 3560 445 3638 respondissent
463 3564 579 3615 humano
598 3565 707 3617 artificio
719 3567 809 3636 perfici
830 3567 906 3620 nullo
917 3568 994 3639 padio
1006 3568 1085 3638 posse,
1103 3567 1261 3620 miraculum
1279 3628 1286 3635 ¹

232 3635 242 3662 ⁴
262 3630 307 3682 suo
325 3632 402 3708 etiam
422 3633 522 3697 judicio
543 3635 707 3688 confirmant.
745 3638 802 3689 Nec
822 3638 908 3688 minor
927 3639 1031 3707 Papami
1049 3640 1073 3689 δι
1086 3637 1162 3707 Coqui
1172 3637 1262 3707 supte-

230 3704 240 3741 ·⁴
260 3702 494 3779 morumUJudicum
507 3704 599 3767 rabies,
621 3706 668 3774 qui
680 3704 740 3758 laedi
761 3705 918 3773 majestatem
932 3708 1092 3776 reipublicae,
1110 3722 1187 3776 atque
1208 3709 1260 3760 im·

230 3776 239 3805 ⁴
259 3771 344 3822 minui
364 3772 524 3837 judiciorum
546 3775 761 3828 existimationem
778 3778 902 3839 clamant,
919 3778 937 3830 st
957 3795 1037 3847 quem
1057 3776 1195 3844 majestatis
1215 3777 1262 3847 ipsi

228 3846 238 3875 ⁴
257 3858 310 3893 non
323 3841 358 3893 ita
370 3841 455 3893 multo
466 3858 525 3893 ante
537 3845 715 3898 damnarunt:
731 3864 791 3898 eum
804 3847 894 3899 diviua
909 3849 1034 3900 sententia
1046 3862 1119 3900 tanto
1132 3848 1261 3900 miraculo

230 3910 330 3961 ‘edito
351 3910 496 3965 absolverit.
546 3916 586 3967 lta
610 3917 694 3979 Deus,
717 3918 764 3985 qui
788 3915 891 3978 muscis,
918 3918 1094 3987 culicibusque
1119 3919 1172 3988 egit
1194 3917 1260 3971 olim

230 3985 241 4013 ⁴
260 3981 374 4057 suorum¹
389 3981 508 4041 causamn
529 4000 559 4035 ac
583 3985 651 4053 regis
673 3986 990 4055 AEgypti'contumaeiam
1012 3988 1139 4050 contudit,
1157 3989 1261 4041 duabus

229 4055 240 4083 ⁴
260 4050 390 4121 sanguinat
410 4052 531 4121 guttulis,
549 4068 627 4121 atque
639 4056 716 4107 unica
729 4055 803 4123 palea
816 4059 938 4130 martyris
950 4058 989 4113 sui
1000 4059 1183 4115 existimationi
1196 4075 1261 4112 con·

229 4123 242 4158 ⁴
260 4120 350 4186 suluit,
371 4119 477 4197 ejusque
492 4122 650 4192 adversarios
663 4124 785 4204 perculit.

1185 4198 1259 4253 ‘Sed

335 4280 351 4339 ³
