2942 4942
80 289 194 407 ·
283 306 348 374 254
487 245 1145 391 nenotenarsis,-

330 474 419 539 Cdt..
442 474 543 561 Egon'
557 476 615 539 hoc
629 475 682 538 tibi
696 475 706 537 l
730 474 869 557 quando?

331 559 414 627 Por.
438 561 484 625 Ut
497 560 673 625 dissimulas!
707 575 775 623 tum
793 583 864 623 cum
881 561 1029 644 postremo
1048 577 1083 627 tu
1101 562 1228 627 cubabas
1243 586 1310 627 me-

288 670 371 713 cum.
419 646 482 711 Seis
496 670 545 710 me
559 670 628 711 vera
641 646 749 709 dicere.
828 697 831 701 .

334 732 422 798 Cor.
446 734 546 811 Tace,
561 755 715 817 nunquam
727 731 839 796 netum
850 733 970 818 quidem
980 738 1003 814 ¹,
1015 732 1078 815 Oh,
1092 736 1142 814 oh,
1156 734 1214 799 oh!

333 819 411 883 Por.
436 817 519 901 Qud
532 818 596 883 est?
719 828 721 835 ’

336 904 424 970 Con.
448 904 509 967 Sub
522 905 625 967 tunica
637 906 828 979 nuncnescio
841 906 908 988 quis
923 928 971 968 me
984 908 1091 993 pungit
1104 908 1202 991 pulex.

337 990 414 1055 Pon.
438 990 480 1054 Et
499 1013 580 1055 mmc
599 1012 648 1054 me
662 991 753 1055 etiam
766 990 863 1055 nescio
877 992 927 1055 sub
942 994 1043 1057 tunica
1055 994 1122 1077 quis
1142 994 1246 1079 pungit
1257 1017 1317 1078 pu-

292 1078 361 1143 lex:
385 1100 498 1141 eamus.
797 1078 800 1085 ’

339 1163 415 1227 Coe
428 1167 451 1224 ².
475 1161 609 1226 Eamus!
641 1160 710 1225 Imo
727 1185 825 1240 mane,
847 1164 1043 1246 propudium
1071 1186 1153 1228 nunc
1174 1164 1251 1249 quasi
1275 1188 1314 1229 ex

295 1274 313 1315 e
336 1273 376 1313 uo
390 1248 508 1331 Trojano
519 1260 530 1288 ²
540 1248 650 1331 prodeo
662 1249 732 1312 huc.
777 1247 851 1331 Jam
862 1266 947 1334 capta
955 1272 988 1315 es
1002 1250 1097 1335 froja,
1111 1251 1140 1315 δι
1154 1266 1187 1314 tu
1201 1274 1317 1337 magna

242 1381 245 1389 ,
298 1274 529 1422 ‘frojaevastator
543 1332 693 1398 Achillae.
1200 1382 1204 1390 .

1236 1422 1318 1489 Pon.

690 1580 694 1596 ,
754 1562 894 1585 -ο-

334 1655 344 1683 1
358 1648 423 1713 Cirpes
431 1642 541 1711 pincheth
549 1645 599 1694 him
609 1646 638 1709 by
649 1644 689 1693 the
696 1644 751 1707 lega.
850 1652 863 1681 ²
873 1645 1205 1707 Statt'ingfsom-undercola's
1213 1662 1287 1709 gown·

748 1777 883 1798 ..-

299 1865 343 1918 the
355 1863 414 1917 civil
426 1862 533 1932 lawyers
554 1862 581 1914 in
602 1862 694 1931 stating
711 1861 898 1933 supposititious
916 1864 982 1917 cases
993 1888 1001 1931 ς
1031 1865 1082 1917 and
1094 1866 1213 1927 Brullon,
1226 1881 1322 1916 acom-

243 1975 248 1995 ,
301 1954 364 1988 mon
382 1935 486 2005 lawyer,
509 1933 568 1985 who
579 1946 658 1986 wrote
670 1934 696 1985 in
708 1934 751 1985 the
762 1933 822 1986 time
832 1934 863 1986 of
872 1932 957 2006 Henry
969 1937 1022 2002 111.
1040 1936 1082 1988 De
1092 1935 1186 2005 legibus
1194 1946 1218 1987 et
1230 1938 1325 2005 consue-

302 2005 428 2059 tudinibus
441 2004 547 2073 siagria,
558 2004 680 2074 eternally
691 2004 757 2065 uses,
770 2022 798 2056 as
816 2004 872 2058 Mr.
884 2006 1039 2076 Barrington
1049 2007 1174 2069 remarks,
1186 2006 1228 2057 the
1239 2022 1325 2057 names

301 2076 334 2144 of
344 2074 425 2130 Titius
436 2075 663 2145 and·Sempronius,
675 2074 769 2128 instead
780 2072 812 2126 os
821 2075 862 2127 the
874 2078 906 2128 A.
918 2075 969 2127 and
979 2076 1013 2129 B.
1026 2075 1058 2129 of
1067 2093 1101 2129 an
1112 2076 1211 2146 English
1222 2074 1324 2145 lawyer.

303 2148 481 2217 Barrington's
494 2145 675 2215 Observationes
686 2163 715 2196 on
727 2144 768 2197 the
780 2148 887 2208 natans,
899 2146 960 2199 edit.
976 2166 1024 2212 177
1029 2165 1054 2213 5,
1065 2164 1092 2216 p.
1107 2152 1150 2215 89,
1163 2147 1191 2198 in
1202 2157 1272 2198 nota.

342 2216 493 2287 ²tunquam
513 2232 546 2267 ex
561 2234 620 2285 equo
641 2214 799 2285 Trojano-]
830 2216 898 2268 This
915 2216 1021 2268 allusion
1041 2230 1069 2269 to
1087 2218 1129 2269 the
1148 2215 1243 2285 Trajan
1258 2215 1328 2268 horse

304 2289 382 2341 seems
396 2286 484 2339 almost
496 2296 522 2337 to
534 2289 598 2337 have
610 2287 674 2349 been
685 2285 839 2355 proverbial.
876 2286 960 2340 Cicero
971 2287 1028 2358 says
1040 2286 1071 2339 os
1087 2286 1130 2339 the
1140 2285 1226 2366 school
1238 2285 1269 2338 os
1277 2288 1327 2366 Ifo3

206 2402 214 2414 r
305 2369 397 2420 crates,
418 2365 470 2410 ‘ex
489 2356 604 2408 universa
619 2357 673 2422 ejus
690 2355 785 2419 schola,
804 2368 928 2426 tanquam
940 2376 971 2409 ex
983 2375 1049 2427 equo
1062 2353 1179 2425 trojano,
1203 2374 1328 2409 innumeri

306 2427 460 2499 ‘principes
481 2428 638 2479 extiterunt?
657 2427 788 2497 Fasquier‚
805 2426 954 2481 Recherches
974 2430 1004 2480 de
1024 2429 1052 2480 Ia
1073 2428 1178 2491 france,
1199 2428 1259 2479 Lib.
1273 2428 1328 2479 111.

306 2518 365 2569 cap.
378 2515 423 2564 43.
460 2494 581 2567 Fasquier
593 2494 653 2549 does
665 2509 721 2560 not,
738 2493 864 2560 however,
877 2497 973 2550 inform
992 2507 1024 2550 us
1047 2498 1075 2550 in
1086 2498 1172 2550 which
1183 2497 1215 2549 of
1225 2498 1330 2550 Cicero's

283 2565 287 2573 ‘
306 2570 394 2621 works
406 2570 448 2621 the
460 2568 558 2637 passage
569 2566 654 2619 which
666 2568 696 2619 he
715 2566 776 2624 cites
796 2567 818 2619 is
837 2581 864 2619 to
875 2569 907 2620 be
925 2568 1018 2621 found.
1036 2625 1038 2634 ,
1056 2570 1087 2620 In
1100 2588 1115 2620 a
1127 2569 1205 2622 Latin
1215 2567 1331 2637 comedy,

300 2639 413 2693 ,entitled
426 2638 572 2700 Pedantiur,
589 2636 675 2690 which
688 2656 727 2688 we
739 2638 803 2690 have
814 2638 900 2691 before
920 2638 970 2690 had
982 2638 1097 2692 occasion
1108 2651 1135 2691 to
1147 2637 1269 2701 mention,
1282 2638 1330 2690 Pe-

306 2710 409 2762 danlius
427 2710 485 2761 thus
505 2713 646 2763 cbmments
661 2726 731 2777 upon
744 2709 786 2760 the
797 2710 874 2773 verse,
892 2710 1015 2762 ‘Cedant
1032 2727 1103 2761 arma
1120 2720 1199 2778 togae,
1213 2706 1336 2765 concedat

309 2789 318 2815 ⁴
331 2780 416 2832 laurea
423 2779 540 2848 linguae?
559 2788 567 2812 ‘
579 2780 651 2830 Pan.
663 2779 817 2848 Proponant,
827 2780 897 2849 quod
908 2779 989 2832 erit&
999 2780 1067 2831 aetati
1079 2793 1131 2832 tuae
1138 2778 1333 2849 aptissimum&

310 2858 327 2907 ‘,
340 2850 485 2901 authoritati
510 2866 583 2911 meae,
615 2856 635 2881 “
649 2848 749 2900 Cedant
770 2867 841 2901 arma
859 2862 938 2920 togae,
957 2850 1079 2902 concedat
1102 2850 1187 2902 laurea
1210 2850 1335 2920 linguae.”

310 2928 319 2954 ‘
341 2920 409 2971 Serio
428 2920 520 2977 itascor
536 2918 675 2984 Juvenali,
695 2920 739 2987 qui
761 2920 885 2988 poeticam
907 2920 1030 2974 Ciceronis
1047 2920 1196 2973 facultatem
1216 2920 1333 2971 nonlau-

311 2999 320 3024 ‘
340 2990 426 3051 dibus,
439 2989 479 3039 sed
492 2988 576 3039 sannis
588 2987 754 3057 persequitur.
790 2992 822 3041 In
842 3006 917 3044 aureo
930 2992 978 3043 hoc
998 2990 1117 3043 verriculo
1134 2990 1334 3060 unumquodque

260 3092 261 3099 κ
295 3055 299 3079 ⁴
313 3068 323 3094 ⁴
342 3061 448 3113 verbum
461 3058 493 3111 est
506 3060 562 3110 sane
574 3058 780 3128 efficacissimum,
793 3060 866 3112 &ita
878 3060 1012 3130 gravidum
1025 3062 1199 3131 pregnansqne
1211 3059 1333 3130 signifiea-

262 3152 265 3158 ·
315 3138 323 3164 ‘
343 3130 466 3191 tionibus,
484 3143 513 3181 ut
529 3140 582 3181 erat
602 3146 683 3199 equus
701 3127 826 3202 Trojnnus
847 3131 1004 3203 principibus
1027 3133 1152 3184 Gracia:
1195 3131 1336 3190 fedamius,

314 3200 381 3253 Ate·
400 3203 431 3253 V.
459 3204 537 3252 Scena
562 3219 587 3253 2.
618 3201 684 3251 And
702 3198 730 3252 in
747 3201 789 3253 the
806 3195 1003 3273 samecome'dy,
1017 3202 1154 3255 Pednntius
1172 3201 1293 3272 speaking
1309 3198 1338 3252 os

314 3282 324 3306 ί
343 3270 451 3334 himself,
470 3272 536 3341 says,
554 3270 693 3322 ‘Sciebam
705 3288 746 3322 me
757 3283 893 3336 oratorem,
910 3290 963 3324 non
980 3283 1116 3335 aratorem,
1134 3274 1168 3325 ad
1185 3272 1280 3323 curiam
1297 3288 1336 3322 me

315 3350 325 3375 ‘
345 3353 434 3393 natum
453 3360 505 3393 non
524 3341 556 3412 ad
574 3358 677 3392 currum
695 3341 760 3407 esse,
778 3343 841 3411 quid
853 3344 921 3406 dico,
935 3349 1044 3395 natum?
1068 3345 1101 3394 ab
1120 3343 1207 3413 aliquo
1219 3343 1274 3393 Deo
1285 3341 1338 3393 fac-

316 3422 324 3446 ‘
344 3426 409 3473 tum,
426 3413 458 3463 ad
471 3430 546 3479 quem
558 3424 681 3479 tanquam
693 3410 725 3463 ad
737 3424 906 3464 mercaturam
925 3415 1049 3465 bonarum
1062 3413 1156 3465 artium
1168 3430 1258 3464 omnes
1276 3429 1336 3462 con-

316 3491 325 3517 ‘
344 3483 435 3535 fluant.
472 3483 539 3533 Nam
561 3500 591 3533 ex
604 3482 666 3533 ludo
678 3494 734 3533 meo
747 3482 944 3535 innumerabiles
956 3495 1067 3535 oratores
1080 3484 1220 3553 (tauquam
1231 3500 1262 3535 ex
1273 3499 1337 3552 equo

246 3544 249 3563 ¹
315 3562 325 3588 ‘
345 3552 470 3621 frijana)
485 3552 653 3621 prodierunt)
683 3552 754 3603 Ibid.
768 3553 833 3605 An.
848 3554 902 3606 III.
915 3556 996 3605 Scena
1010 3574 1034 3606 1.

334 3620 460 3747 flffrojae
472 3624 597 3694 vastator,
610 3626 713 3693 &req
728 3622 857 3694 Probably
869 3624 1001 3677 borrowed
1012 3615 1081 3677 froin
1092 3624 1135 3676 the
1147 3622 1281 3696 following
1292 3621 1340 3675 line

317 3714 333 3745 0
387 3705 469 3747 attus:
766 3720 769 3724 ·

496 3791 504 3817 ‘
522 3782 606 3845 Tenc,
620 3782 713 3855 inquit,
726 3802 829 3856 magnae
841 3773 948 3837 vastator
959 3769 1042 3837 debite
1055 3740 1157 3856 Trojn)

772 3875 774 3889 r
858 3856 937 3910 Statii
944 3855 1026 3912 Achil.
1045 3856 1200 3913 Lib.11.v.
1215 3862 1274 3925 318.

1250 3948 1341 4016 Statius
