2942 4942
256 388 318 457 m
460 339 1081 434 rouonAMus

304 542 399 607 Aur.
424 537 540 603 Sanus?
563 540 648 604 sanus
663 562 724 604 non
740 542 813 619 sum,
827 563 884 603 nec
898 542 983 606 sanus
998 541 1053 605 esse
1068 543 1169 625 cupio.
1206 539 1293 606 Nam

259 630 312 715 qui
330 625 451 711 possum,
465 649 556 711 quem
569 643 603 690 tu
618 626 657 689 stc
672 628 805 690 insanum
819 629 927 691 insania
937 628 1083 692 reddidisti
1092 628 1165 692 tua?

306 716 403 777 Tne.
429 712 520 775 Certe
535 726 567 775 tu
579 713 693 776 insanus
704 736 747 776 es.

308 802 403 864 Aur.
428 798 501 862 Sum
515 800 628 875 hercle3
651 822 722 863 nam
736 791 851 863 insanus
866 797 963 879 essem,
978 798 1031 862 nisi
1045 801 1110 885 jam
1125 800 1289 864 insanirem.

178 884 183 901 ’
266 885 389 952 Nonvis
404 899 503 947 autem
519 903 552 948 ut
566 886 716 964 insaniam,
738 909 800 948 non
815 901 848 947 ut
862 907 943 948 nunc
957 887 1121 949 insaniam?
1145 886 1293 973 Rosobello,

266 995 334 1037 mea
355 971 437 1049 salus,
463 973 557 1053 periit,
575 995 642 1055 quae
666 994 781 1050 omneS,
802 972 874 1034 dum
895 973 979 1051 vixit,
1002 974 1125 1035 anteivit
1144 974 1292 1035 soeminas.

267 1057 360 1122 Certe
374 1056 501 1120 avertisti
516 1058 629 1136 oculos,
644 1080 713 1120 cum
729 1056 820 1119 fecisti
835 1061 893 1121 hoc
906 1087 927 1135 3·
940 1079 1009 1120 nam
1024 1056 1045 1120 si
1058 1058 1134 1122 iilius
1148 1056 1295 1141 spedtaffes

268 1144 517 1231 pulchritudinem
527 1144 683 1207 &suavem
694 1146 905 1221 innocentiam,
923 1167 1077 1228 nunquam
1092 1144 1211 1222 fecisses,
1225 1144 1294 1207 scio.

270 1230 355 1314 Qrin
367 1252 461 1293 unum
476 1231 532 1292 hoc
544 1245 573 1293 te
583 1232 647 1315 jam
662 1252 716 1293 oro
730 1229 921 1311 postremum,
936 1247 1026 1312 pater,
1042 1246 1076 1293 ut
1092 1253 1167 1315 quos
1180 1228 1296 1293 noluisti

270 1318 354 1381 vivos
368 1317 424 1379 frui
440 1317 579 1395 invicem,
594 1311 693 1379 saltem
709 1316 783 1379 sinas
799 1339 857 1379 una
869 1316 978 1399 sepeliri
999 1333 1145 1381 mortuos

314 1404 412 1466 Tne.
436 1402 607 1487 Priusquam
619 1405 755 1482 moriare,
769 1401 821 1481 fili,
835 1403 924 1465 discas
939 1402 1010 1486 quid
1024 1400 1059 1464 sit
1069 1402 1168 1466 vive're
1179 1412 1203 1465 ⁸.

313 1490 409 1553 ΑΝΤ.
433 1488 495 1571 Qu
511 1487 634 1572 possum,
645 1512 716 1551 cum
731 1506 765 1550 tu
779 1488 872 1551 vitam
884 1487 1013 1571 eripuisti
1028 1487 1125 1551 mihi?

313 1576 413 1638 THE.
438 1576 558 1637 Accede
572 1575 641 1651 huc,
654 1574 761 1658 quaeso.

318 1662 411 1725 Ant.
437 1660 490 1723 Ne
504 1684 552 1723 me
563 1662 788 1745 appropinques,
798 1683 836 1723 ne
845 1659 985 1747 juvenilis
996 1659 1025 1722 id
1033 1661 1132 1741 faciat,
1143 1660 1221 1747 quod
1231 1660 1301 1724 fecit

271 1746 366 1816 senilis
380 1746 472 1809 furor.
622 1820 624 1825 Ι

317 1833 413 1896 Tus..
438 1831 522 1915 Qud
534 1830 663 1895 conare?
687 1854 762 1895 num
776 1846 892 1896 certum
906 1832 949 1896 est
962 1834 1039 1896 mori
1053 1831 1129 1896 tibi?

247 1928 249 1933 '
316 1921 413 1985 Aur.
436 1918 523 1981 Tam
534 1932 617 1980 certo
632 1940 722 2002 quam
735 1918 802 1981 haec
815 1935 933 1982 mortua
946 1918 1000 1982 est.

315 2004 416 2070 THE.
439 2004 519 2067 Vive
530 2004 630 2083 modo,
641 2005 757 2089 quidvis
769 2005 932 2067 concedam
946 2006 1011 2068 tibi.

319 2092 415 2156 Aur.
439 2089 509 2173 Jam
524 2091 679 2167 concedes,
690 2112 760 2152 cum
775 2081 848 2154 mihi
864 2091 904 2156 nil
919 2091 1042 2155 concedi
1055 2090 1159 2173 potest.

319 2175 417 2241 Tun.
443 2176 533 2241 Certe
548 2199 602 2240 nos
612 2186 683 2239 'earn
697 2199 760 2241 non
774 2178 936 2262 attigimus,
951 2191 1099 2241 tentemus
1114 2176 1155 2239 illi
1167 2196 1308 2239 revocare

277 2263 421 2331 animam.

276 2398 279 2409 .
320 2352 415 2414 ANT.
440 2349 584 2411 Animam
605 2371 685 2411 nunc
706 2347 868 2413 revocare?
902 2348 991 2413 Num
1008 2364 1041 2413 tu
1063 2347 1189 2415 insanis?
1213 2346 1308 2411 redire

276 2459 339 2505 non
350 2435 443 2518 potest
456 2436 522 2498 illa:
547 2436 637 2520 igitur
648 2435 684 2497 ad
696 2450 725 2497 te
737 2437 834 2513 venio,
848 2433 995 2522 Rosobello,
1009 2437 1099 2499 venio
1109 2440 1133 2499 ¹.

318 2522 403 2587 THE
413 2526 435 2584 ².
448 2520 532 2584 Ofili
546 2523 598 2603 mi,
610 2543 697 2603 parce
706 2521 796 2583 modo
807 2522 877 2595 tibi;
893 2522 999 2605 respice
1008 2544 1099 2584 canos
1108 2523 1164 2586 hos
1175 2519 1307 2603 capillos,

277 2609 324 2758 piel
339 2631 388 2672 me
403 2606 534 2672 interfice
549 2610 651 2692 prius,
682 2629 749 2669 mea
758 2608 826 2694 jam·
842 2623 914 2672 aetas
932 2608 1036 2671 exona
1054 2606 1106 2687 est,
1120 2624 1154 2671 tu
1167 2609 1199 2670 in
1212 2608 1311 2671 aetatis

301 2718 362 2759 ore.
647 2726 650 2733 ¹
1068 2713 1070 2726 ¹

322 2780 393 2845 Ros
404 2784 427 2845 ³.
453 2782 514 2845 Ubi
525 2780 608 2846 sum?

323 2866 422 2931 Tne.
447 2867 538 2943 Audi,
553 2866 630 2945 audi,
645 2866 809 2929 reviviscit:
837 2866 963 2951 gaudeo.

324 2952 394 3016 Ros
405 2958 430 3016 ⁴.
455 2954 517 3016 Ubi
532 2975 573 3030 eS,
585 2951 695 3033 Antoni,
708 2950 810 3015 Antoni
821 2950 839 3014 ἒ
928 2971 930 2976 ·

325 3040 408 3102 Aur
420 3043 444 3103 ⁵.
468 3036 501 3101 Ο
513 3060 579 3101 mea
589 3039 650 3101 vita
663 3036 670 3099 i
693 3060 768 3100 num
782 3038 902 3120 respiras
915 3038 924 3099 ἒ
948 3036 1062 3101 servasti
1075 3036 1169 3102 vitam
1179 3057 1289 3098 meam.

325 3124 423 3189 Tne.
449 3124 575 3189 Censen’
591 3122 710 3189 voluisse
724 3146 774 3188 me
788 3124 879 3204 illam,
894 3123 946 3205 fili,
961 3123 1150 3187 interimere?
1164 3170 1170 3185 .

762 3308 899 3325 φ

318 3392 328 3424 ¹
347 3386 425 3448 Again
435 3387 604 3450 endeavouring
613 3399 638 3436 to
646 3390 707 3437 draw
717 3386 754 3435 his
765 3390 845 3435 sword.
1008 3394 1021 3422 ²
1040 3387 1117 3450 Again
1125 3383 1262 3446 interposing
1272 3384 1317 3427 and

284 3446 418 3515 prevenririg
429 3453 488 3501 him.
635 3460 646 3498 3
665 3453 810 3514 Recovering
821 3453 882 3501 from
893 3453 934 3501 her
943 3452 1028 3501 swoon.
1180 3456 1195 3495 4
1211 3449 1263 3495 Not
1273 3447 1317 3493 ob·

283 3516 371 3579 serving
382 3519 498 3569 Antonius.
622 3524 634 3565 5
652 3518 748 3581 Raisrng
759 3518 800 3565 her
811 3534 851 3580 up.

759 3642 905 3663 *—

288 3822 295 3835 ⁹
324 3766 338 3797 ⁸
357 3755 507 3828 Priusquam
518 3756 637 3822 moriare,
646 3740 751 3833 &s'i
765 3757 834 3811 This
847 3758 926 3810 seems
935 3756 1069 3809 borrowed
1081 3753 1148 3806 from
1161 3753 1203 3804 the
1215 3750 1323 3805 follow-

286 3840 334 3893 ing
342 3825 441 3897 passage
453 3827 481 3880 in.
492 3827 533 3881 the
546 3828 831 3883 Heautontimorumenos
841 3827 873 3880 of
883 3826 999 3891 Terence,
1011 3827 1066 3881 An
1075 3826 1109 3877 V.
1123 3826 1200 3876 Scene
1210 3843 1226 3875 2
1237 3845 1244 3874 ι

322 3922 333 3951 ‘
352 3917 406 3973 Ct..
425 3921 514 3975 Emori
527 3920 613 3996 cupio.
650 3923 705 3977 Cu.
725 3920 812 3986 Prius,
824 3922 921 3994 queso,
933 3921 1010 3985 disce,
1020 3920 1091 3991 quod
1104 3918 1132 3973 fit
1145 3918 1257 3983 viveres„

417 4013 438 4079 6
1239 4012 1320 4077 Ros.
