2942 4942
431 305 1261 446 tGNORAMUu‘QJ

268 509 360 576 BAN.
384 511 469 575 Prius
484 508 611 596 Alprhorss
622 510 719 572 servus
739 531 831 593 quarn
849 530 1008 595 erameg0,
1026 510 1116 574 Portu
1132 512 1184 575 alla
1196 516 1256 577 ser·
1356 515 1359 520 ’

222 591 339 661 vicbam
355 598 472 661 cuidam
487 598 654 673 mercatori,
670 598 720 679 qui
735 612 801 657 tum
812 596 918 680 agebat
935 597 966 658 in
981 596 1080 660 nostra
1125 597 1254 663 laurita-

224 685 272 746 nia
284 694 305 762 ²,
325 706 437 746 nornen
450 683 477 745 ei
495 684 619 757 Urtad03
652 683 810 766 navigabat
834 684 859 744 is
875 681 943 743 inde
959 681 1122 765 Landiuum,
1137 708 1255 749 merca.

223 783 299 832 turae
318 770 415 848 causa,
426 770 550 854 quicum
573 768 675 853 &ego
689 790 778 830 una:
791 766 838 829 scd
850 789 922 829 cum
940 790 1053 830 merces
1074 771 1155 833 illinc
1169 776 1255 837 veni-

223 869 290 917 rent
305 856 390 933 male,
405 855 503 936 Anglas
513 876 589 940 quos
603 854 699 935 potuit
707 854 832 916 infantes
844 854 923 915 clam
933 854 1077 935 surripuit,
1090 878 1141 921 eos
1156 873 1190 921 ut
1204 884 1254 924 re-

224 940 306 1005 diens
326 942 357 1003 in
372 940 585 1003 Mauritaniam
600 938 758 1003 venderet:
791 954 826 1005 ut
838 940 921 1001 navis
936 940 1027 1023 igitur
1037 940 1136 1005 nostra
1150 944 1180 1005 in
1194 945 1255 1009 sta-

124 1046 130 1057 ·
224 1026 305 1089 tione
325 1028 360 1089 ad
386 1024 539 1111 Thamrssn,
558 1049 648 1109 prope
663 1025 852 1111 Drtfardiam,
872 1039 947 1099 erat,
963 1025 1038 1086 forte
1053 1027 1129 1089 illius
1155 1035 1257 1096 nutrix

224 1112 301 1176 ulnis
316 1112 432 1198 gestans
452 1135 519 1175 eam
533 1115 614 1175 venit
628 1134 679 1193 per
692 1111 789 1193 ripam
807 1112 960 1188 ambulans
972 1139 981 1187 3
1006 1112 1073 1173 casu
1086 1128 1152 1177 tum
1164 1119 1259 1181 etiam

224 1196 329 1271 Urtado
345 1200 375 1263 in
390 1198 493 1279 scapha
506 1198 605 1261 aderat
624 1199 662 1260 ibi
677 1225 686 1273 ;
724 1199 874 1259 nutricem
887 1198 913 1259 is
928 1198 1037 1280 itaque,
1053 1199 1133 1280 quod
1147 1207 1253 1283 potuit,

207 1278 334 1365 ,Anglice
355 1284 543 1366 compellavit
563 1283 686 1359 blande3
710 1296 800 1365 atque
814 1305 852 1345 ex
865 1305 927 1361 uno
941 1284 972 1345 in
986 1282 1076 1344 alium
1089 1284 1255 1352 sermonem

222 1385 257 1431 ut
281 1371 457 1448 inciderunt,
475 1371 549 1431 levis
568 1370 617 1431 illa
642 1370 788 1450 &inepta
810 1369 910 1445 nutrix
930 1390 1046 1445 navem,
1061 1371 1162 1435 nescio
1173 1377 1254 1457 quid,

223 1456 306 1537 cupit
324 1457 415 1519 animi
436 1456 520 1519 causa
543 1456 650 1530 visere;
682 1454 819 1517 invitavit
840 1457 865 1527 is
887 1454 991 1531 libens,
1016 1470 1106 1539 atque¹
1120 1458 1194 1521 adeo
1214 1464 1253 1525 ad
1304 1519 1307 1525 ,

223 1562 330 1603 navem
346 1542 462 1605 vectam
484 1542 516 1605 in
530 1540 743 1603 Mauritaniam
757 1561 828 1603 curn
850 1540 915 1603 aliis
931 1541 1078 1617 transfert,
1090 1564 1128 1605 ac
1143 1567 1253 1630 magna

221 1628 348 1707 pecunia
362 1627 512 1703 distrahit3
541 1628 618 1689 hanc
635 1641 736 1689 autern
756 1626 850 1710 Festa,
869 1649 977 1710 meque
991 1627 1080 1688 etiam
1103 1642 1168 1709 tum
1182 1655 1252 1711 una,

225 1711 363 1799 Alphrrffa,
377 1736 467 1797 quern
482 1714 552 1791 dixi,
567 1712 718 1788 vendidit3
743 1712 803 1799 qui,
818 1711 899 1796 quod
917 1729 1031 1775 careret
1051 1712 1157 1799 liberio,
1173 1718 1255 1782 illam

218 1820 284 1864 non
302 1798 356 1861 nin
375 1800 591 1883 quadrimulam
610 1796 744 1882 profilia
763 1796 815 1861 fibi
829 1798 979 1880 adoptavit
991 1798 1057 1861 sua:
1083 1802 1155 1865 mihi
1170 1827 1251 1883 vern,

216 1885 282 1969 jam
308 1887 491 1971 servonejus,
520 1908 558 1947 ne
587 1886 728 1970 cuiquam
751 1883 905 1967 vulgarem
928 1886 996 1961 hoc,
1011 1887 1139 1969 graviter
1158 1890 1252 1955 inter-

221 1970 304 2033 dixit.
351 1960 580 2056 Celayiigitum
612 1993 709 2053 neque
723 1969 804 2031 illam
819 1968 882 2050 post
901 1985 1029 2032 mortem
1042 1969 1168 2059 Aphanfi
1178 1978 1251 2056 heri,
1295 2005 1296 2008 ¹

222 2056 276 2118 nisi
287 2058 352 2141 jam
366 2059 496 2138 primum·
511 2057 608 2123 video.
884 2103 886 2107 ,
1152 2117 1157 2124 .

266 2144 363 2205 Tua.
390 2142 446 2205 Sed
462 2143 510 2205 ubi
526 2142 573 2203 illa
588 2142 674 2219 illius,
690 2162 782 2225 quarn
796 2140 893 2217 dix'ti,
904 2140 1006 2206 nutrix
1018 2142 1081 2205 est?
1108 2189 1112 2194 ,

246 2278 248 2285 Α
266 2226 358 2291 ΒΑΝ.
381 2228 417 2291 ln
433 2229 491 2309 ipso
502 2228 618 2305 itinere,
634 2242 667 2289 ut
680 2228 748 2289 navi
764 2225 858 2303 vecla,
873 2226 1056 2292 mortuaest.

266 2312 362 2378 Tun.
388 2313 564 2397 Scin’1quod
579 2308 755 2375 einomen?

264 2398 355 2464 BAN.
381 2398 491 2485 Ursula.
519 2414 521 2417 ’
828 2463 831 2468 ⁴
1239 2464 1243 2472 ,

265 2486 360 2549 Tua.
386 2484 496 2571 Ursula,
512 2484 732 2572 weffordia?
751 2498 863 2568 quanta
876 2486 937 2567 spes
951 2484 1013 2547 est!
1038 2486 1084 2549 sed
1099 2510 1252 2574 nunquam

220 2573 350 2635 narravit
364 2573 474 2651 nutrix,
488 2594 636 2654 quaenam,
651 2587 703 2633 aut
715 2572 812 2656 cujus,
826 2570 896 2634 effet
907 2573 995 2634 haec?
1320 2603 1323 2608 ¹

257 2776 504 2845 inaurium]
525 2783 534 2809 ⁴
548 2775 724 2839 Mauritania,
738 2776 832 2845 Africa
843 2776 926 2846 regio,
942 2788 1056 2828 extrema
1072 2778 1156 2831 versus
1170 2782 1252 2834 Gadi-

221 2854 237 2899 ‘2
250 2858 337 2899 tanum
356 2846 460 2909 fretum,
473 2847 497 2899 dr
512 2846 700 2899 occidentalem
719 2864 855 2908 oceanum,
874 2848 902 2899 in
921 2865 973 2915 quo
986 2848 1087 2901 Antaeus
1107 2850 1181 2919 gigas
1193 2869 1251 2922 reg-

220 2926 228 2951 ‘
248 2918 314 2969 naffe
334 2918 436 2979 dicitur,
457 2918 490 2967 ab
510 2916 617 2969 Hercule
635 2908 730 2969 vitius.
769 2916 812 2968 Est
824 2930 909 2969 autem
921 2917 1035 2988 duplex3
1061 2921 1253 2990 Cafariensts,a

221 2997 230 3023 ⁴
247 2992 384 3058 Casarea3
406 2988 430 3039 δι
445 2985 592 3057 Tingitana,
605 2987 729 3039 acivitate
749 2984 1001 3057 Tingi.--Gignit
1014 2989 1107 3052 simias,
1118 2992 1252 3055 dracones,
1322 3041 1327 3051 ,

221 3066 229 3092 ‘
250 3058 410 3120 struthiones,
436 3060 460 3109 &
480 3059 634 3128 elephantem
671 3059 735 3123 Ejus
758 3058 849 3109 incolae
868 3059 960 3110 Mauri
974 3058 1104 3112 dicuntur,
1139 3063 1254 3115 Invaluit

219 3136 228 3160 ‘
248 3141 332 3179 autem
343 3130 397 3193 jam
409 3128 592 3198 apudnostros
605 3128 771 3190 consuetudo,
783 3140 813 3179 ut
825 3146 913 3179 omnes
927 3129 1021 3195 Africa
1033 3130 1058 3181 δι
1072 3130 1132 3197 Asta
1147 3133 1250 3203 populi,

220 3206 228 3230 ‘
249 3197 432 3249 Maharnetanae
446 3197 615 3267 ,superstitioni
627 3197 715 3259 dediti,
730 3199 823 3250 Mauri
836 3198 964 3251 dicantur.
1003 3200 1098 3251 Incolis
1116 3202 1251 3267 Numidia,

222 3267 329 3335 ‘vulgo
342 3268 475 3320 Barbaria
496 3266 590 3318 hodie:
627 3268 774 3333 Hoffmauni
787 3269 966 3330 Lexiansart.
975 3270 1152 3323 Mauritania.
1190 3274 1251 3325 The
1317 3308 1320 3314 ι

221 3338 288 3387 same
307 3338 414 3399 arithor,
428 3350 476 3389 art.
497 3337 600 3399 Mauri,
617 3336 694 3407 gives
708 3338 750 3389 the
766 3337 902 3407 following
915 3351 1025 3390 account
1041 3341 1073 3392 of
1087 3342 1128 3392 the
1145 3342 1250 3396 Moursz

221 3412 229 3439 ‘
249 3408 351 3469 Mauri,
362 3407 460 3477 populi,
469 3406 513 3477 qui
521 3406 711 3459 Mauritaniam
720 3408 814 3474 Africa
823 3408 951 3477 regionem
965 3410 1156 3474 occidentalem,
1165 3415 1250 3465 versus

220 3486 228 3510 ⁶
250 3478 406 3529 Gaditanum
428 3477 533 3538 fretum,
548 3476 673 3531 incolunt.
710 3479 763 3529 Eos
776 3477 847 3530 fuille
859 3480 941 3542 Indos,
954 3479 1095 3540 &Hercula
1106 3481 1180 3544 duce,
1189 3501 1251 3536 cum

221 3557 230 3582 ⁶
251 3548 377 3600 innumcr.
396 3546 503 3599 aliarum
516 3546 632 3615 gentiunt
644 3546 821 3611 multitudine,
833 3548 859 3600 in
877 3550 931 3602 haec
945 3549 1002 3599 loca
1020 3551 1163 3619 pervenisse,
1176 3554 1253 3606 multi

221 3627 229 3651 ‘
250 3617 420 3680 crediderunt,
431 3618 470 3669 uti
482 3618 570 3669 Strab.
584 3617 603 3669 l.
616 3617 665 3670 ult.
684 3617 781 3672 scribit.
818 3621 883 3671 Sane
896 3619 1033 3688 Sallustius,
1050 3620 1077 3670 in
1085 3620 1253 3691 Jugurthino,

221 3697 229 3722 ‘
249 3704 273 3739 c.
299 3692 340 3751 18,
359 3689 467 3741 Mauros
488 3689 512 3740 &
532 3687 666 3759 Numidar,
687 3688 846 3759 reliquosque
858 3689 903 3758 qui
917 3689 1073 3741 maritimam
1087 3692 1181 3757 Africa
1193 3695 1250 3746 cul·

220 3766 228 3792 ί
248 3757 338 3809 riorem
359 3758 523 3811 reddiderunt
544 3758 639 3822 Medus,
658 3758 796 3823 Armenios,
816 3760 915 3829 Pagras,
928 3760 953 3811 δι
965 3758 1108 3823 Ῥὂαπίτε.τ,
1127 3761 1199 3815 fuilse
1210 3763 1252 3818 iu·

220 3828 337 3879 aditur)
645 3836 648 3843 ’

1136 3972 1138 3980 ’
1160 3970 1265 4057 Brut*
