2942 4942
365 329 997 407 {GnoRAMUn
1125 350 1247 417 223⁴

186 515 283 594 Dun
305 511 358 576 Ne
368 514 451 588 time,
460 506 608 593 magister,
618 505 727 571 ibimus
740 528 813 571 curn
823 502 1039 583 unavindidia3
1064 522 1177 581 eamus,

146 625 216 667 nam
227 600 314 665 video
327 622 423 663 unum
433 600 456 660 ¹.

197 972 201 981 '
298 989 625 1057 ncrusv.
712 984 1026 1072 senuna

150 1192 438 1253 Anounaurun.
497 1183 685 1247 Dorotheam
713 1206 775 1247 cum
804 1182 970 1263 Theodoro
996 1182 1188 1265 colloquentem·

191 1275 302 1337 audens
316 1271 425 1348 Trite,
434 1268 467 1357 se
480 1272 618 1354 perditum
638 1269 723 1347 novit,
738 1284 871 1351 totamque
887 1268 993 1353 perisse
1013 1268 1177 1347 machinam,

191 1358 325 1445 ornneswe
344 1358 408 1441 jam
417 1356 646 1441 paterefraudes.
690 1353 845 1419 Dorothea
859 1354 1025 1417 Theodoro
1046 1353 1178 1439 firmat,

191 1468 291 1509 verum
300 1444 491 1505 Antoninum
504 1465 650 1523 veramque
661 1437 855 1502 Catharinarn
866 1463 976 1503 manere
997 1442 1153 1523 adponam
1164 1466 1176 1515 ς

190 1528 575 1616 Theodorusficppoſstitiam
598 1524 792 1589 Cadrarinarn
811 1540 925 1601 evocat3
962 1525 1062 1588 Trico
1072 1524 1105 1613 se
1124 1528 1175 1588 ab·

182 1616 298 1705 scandit.
833 1676 836 1681 r

533 1784 628 1849 Intrat
641 1785 776 1851 Tulco.

148 1985 223 2047 Tru
236 1987 262 2047 ².
354 1982 491 2045 Ntonium
509 1979 600 2042 modo
613 1980 741 2041 conveni
762 1980 866 2043 herurn
886 2003 998 2060 meum,
1013 1984 1064 2065 qui
1084 1982 1177 2047 mulsa·
1203 2019 1206 2025 ·
1226 2012 1229 2020 ¹

361 2069 492 2149 „loquens
506 2065 618 2128 blandis
634 2067 675 2125 ita
692 2086 741 2125 rne
755 2064 890 2135 demulsit
909 2067 1003 2146 didiis,
1020 2090 1057 2130 ne
1071 2072 1174 2150 poffim
1270 2128 1272 2132 ,

148 2178 209 2230 non
223 2154 373 2242 ignoscere
385 2156 473 2215 ³-at
486 2150 556 2234 quid
572 2148 703 2212 vide04?
735 2150 841 2213 herum
856 2149 1025 2215 ‘Theodorum
1038 2156 1173 2235 amplex-

140 2258 247 2305 antem
259 2240 437 2303 foeminam?
468 2236 527 2314 Ha,
536 2237 583 2314 he,
592 2236 681 2297 etiam
694 2235 780 2297 senex
791 2236 888 2299 amat?
912 2237 1010 2300 hercle
1024 2240 1149 2323 gaudeo.

190 2328 286 2392 Tur.
311 2325 374 2386 Vix
393 2323 513 2386 tandem
532 2321 688 2385 osculando
707 2322 959 2407 amplexandoque
973 2326 1091 2406 pausam
1105 2325 1174 2391 dare

147 2435 236 2499 queo,
249 2411 338 2475 tantis
353 2409 415 2473 sum
429 2410 461 2471 in
475 2393 601 2492 gaudiis.
825 2485 831 2494 .

190 2497 283 2561 Don.
307 2495 383 2557 Non
395 2495 493 2557 minor
504 2494 637 2576 voluptas
648 2495 720 2557 mihi
731 2494 774 2558 est
785 2518 876 2579 quarn
886 2494 950 2573 tibi,
960 2496 999 2559 mi
1013 2495 1159 2564 Theodora.

165 2585 167 2588 ’
192 2584 266 2646 an
276 2588 302 2647 ³.
325 2581 376 2643 Mi
392 2578 536 2659 Theodora,
551 2603 618 2642 mea
631 2581 772 2644 animula.
817 2581 877 2661 Ηα,Ι
892 2582 941 2647 he.

191 2670 288 2733 Tun.
313 2667 390 2730 Tuo
403 2689 441 2729 ex
454 2666 582 2729 adventu
596 2667 705 2747 videor,
718 2666 872 2747 Dorothea,
883 2668 1062 2731 reviviscere.

193 2756 268 2819 Tru
283 2760 305 2817 ⁵.
328 2752 471 2815 Dorothea
481 2751 595 2814 ?-tu0
606 2752 733 2815 adventu
747 2754 829 2835 perii.

192 2841 285 2905 Don.
309 2838 491 2924 Qomagis
505 2838 642 2923 gaudeas,
656 2838 795 2918 essedum,
809 2839 915 2923 quaeso,
924 2840 988 2926 jain
1002 2838 1039 2903 ad
1053 2832 1174 2921 poitunr

149 2929 260 3005 mittas,
271 2925 402 2989 nostram
409 2926 468 2987 huc
482 2924 561 3008 quod
570 2925 694 2987 advehat
705 2926 902 3006 Cathnrinam,
916 2947 1046 3009 quacum
1060 2950 1118 2991 una
1131 2928 1174 2991 est
1271 2951 1272 2955 ¹

148 3014 313 3077 Antoninus.
979 3031 981 3035 ⁴

192 3101 288 3163 Tris.
312 3096 411 3161 Modo
425 3098 457 3159 in
470 3092 575 3161 iubern
585 3097 658 3161 exiit
667 3095 820 3160 Antoninus
829 3126 839 3175 ;
862 3097 908 3159 sed
917 3097 982 3184 jam
994 3121 1075 3163 nunc
1095 3103 1175 3167 intus

149 3184 303 3249 Catharina
315 3182 369 3246 est.
988 3196 992 3207 '
1179 3226 1182 3235 ι

190 3269 282 3335 Dori.
306 3268 391 3351 Qun
407 3267 471 3330 illos
483 3268 548 3353 jam
564 3268 667 3351 reliqui
687 3269 763 3351 apud
784 3283 904 3352 portum
913 3296 924 3348 3
951 3269 1016 3353 post
1031 3272 1130 3337 illaad
1146 3287 1176 3337 te

151 3378 232 3420 nunc
247 3356 335 3419 venio
348 3354 523 3438 primulum.

567 3503 706 3531 ‘'-

185 3610 196 3638 ¹
214 3601 295 3662 saeing
304 3600 367 3648 Trica
379 3612 425 3649 ata
436 3599 545 3648 distance.
571 3602 664 3649 Exeunt
674 3614 765 3651 ornnes.
873 3608 886 3639 ²
903 3602 1024 3663 Enstring,
1036 3610 1061 3647 to
1072 3598 1174 3648 himself.

147 3677 157 3716 3
175 3668 266 3715 Intrant
283 3666 403 3715 ‘Theodorus
420 3673 465 3716 and
476 3666 584 3717 Dororhea
592 3678 616 3713 at
627 3685 640 3714 a
651 3667 762 3719 distance.
931 3674 946 3713 4
962 3668 1045 3728 Steing
1055 3664 1175 3714 ‘Theodorus

147 3734 251 3790 embraee
261 3734 393 3783 Dorothea·
507 3732 614 3779 §Asido
849 3760 852 3769 ·
1044 3724 1048 3733 '

604 3916 639 3984 G
653 3937 709 4005 ga
1078 3914 1179 3980 'an-
