2942 4942
247 346 296 425 az
387 352 1084 452 vJGNOItAMtJn.

241 590 245 608 ¹
290 522 379 591 Titi.
404 522 503 607 Qtod
518 520 627 640 sumne
642 525 851 606 scelestissimi.

1197 625 1290 692 Cur.

250 776 255 789 ·
288 745 367 797 ‘Sed
379 744 491 815 joannet
508 765 568 807 euru
591 748 625 800 de
646 750 701 806 nita
725 749 852 823 religiose
869 750 1026 811 instituenda
1048 751 1291 827 cogitatienum

253 823 264 851 ί
282 817 331 896 suia
345 829 479 897 utcunque
491 817 642 895 divenditis,
661 823 870 891 Audemaroposim
882 825 909 875 in
920 826 966 877 Bt!
982 826 1034 878 ium
1047 821 1193 896 profcdius,¹
1207 842 1288 897 atque

208 931 211 936 .
250 893 263 920 ‘
282 901 348 939 mter
360 886 465 955 collegit
484 902 539 955 etus
561 890 680 953 alumnos
701 893 844 962 adscriptus
866 895 909 961 est.
947 845 988 945 lii
1008 896 1072 963 dum
1089 895 1135 948 fibi
1155 894 1291 968 comparat

253 966 264 991 ⁸
282 955 446 1036 necessariam
465 959 497 1011 ad
520 960 545 1027 id
560 961 619 1013 vitae
635 979 717 1031 genus
739 963 871 1021 seientiam
883 962 1027 1027 literatum,
1067 967 1119 1019 uod
1131 958 1290 1029 auim‘odes-

234 1036 383 1094 firmarat,
397 1028 497 1082 morbo·
508 1038 650 1099 correptus,
668 1032 800 1101 desperata
818 1032 872 1102 jam
894 1035 1008 1103 corporis
1030 985 1121 1098 sainte,
1139 1035 1287 1108 depositus:

253 1100 350 1165 ‘hanc
370 1098 408 1149 rei
431 1100 506 1168 gesiae
529 1100 618 1153 scriem
638 1120 725 1155 coram
745 1104 851 1157 testibus
869 1102 973 1171 juratus
994 1106 1086 1171 edidit,
1107 1124 1137 1174 ac
1149 1126 1229 1176 mauu
1242 1108 1289 1173 sua

251 1175 265 1215 t
280 1166 434 1248 subscripsit.
472 1172 677 1241 Autographum
695 1177 798 1233 Romani
809 1174 1004 1244 transmissum,
1019 1173 1164 1251 ejusque&
1182 1165 1286 1234 'testium

250 1240 454 1363 Ῐξὲὲῃοςτῗρὴο
474 1240 651 1315 consignatum
672 1244 724 1314 ipsc
738 1245 803 1309 vidi,
819 1263 852 1298 ex
873 1263 927 1315 quo
946 1246 1000 1298 haec
1018 1248 1052 1313 ad
1073 1248 1184 1303 verbum
1196 1248 1289 1321 Latere

333 1325 368 1362 sia
394 1323 451 1366 unte

247 1424 473 1493 “Testimonium
492 1426 599 1494 Jrannr's
619 1426 757 1497 Wilkt'rsotn
779 1427 863 1499 Angli,
889 1427 1018 1480 seminarii
1042 1428 1289 1501 Audrmartpolitanr'
1337 1482 1342 1489 ,

230 1496 235 1502 “
336 1502 355 1528 “
375 1496 485 1560 alumni,
503 1500 535 1549 de
549 1498 616 1567 spica
628 1498 782 1551 miraculosa
793 1516 826 1555 cn
838 1501 1002 1569 autographo
1018 1499 1195 1568 desumptum.

232 1638 235 1643 .
250 1597 271 1638 ti
343 1592 399 1644 (ΞΟ
413 1593 525 1655 Joanttcs
535 1592 691 1661 Wilkitgsnnus
703 1591 778 1661 graui
790 1593 882 1645 morbo
895 1592 1026 1655 laborant,
1044 1594 1068 1654 dt
1081 1612 1096 1644 a
1108 1592 1216 1647 medicis
1229 1592 1283 1652 sine

250 1668 272 1703 “-
349 1663 391 1730 spe
403 1662 462 1715 vitae
476 1650 633 1729 derelidiu53
652 1663 721 1723 Dee,
739 1664 764 1715 dt
776 1661 870 1718 fandis
883 1658 940 1729 ejus
960 1661 1053 1719 faciam
1069 1678 1202 1731 utcunque
1215 1662 1285 1725 satie,

232 1738 272 1793 ,ὑί
290 1749 418 1801 exponam
434 1737 478 1799 (ut
502 1733 552 1783 hac
569 1750 609 1783 me
629 1732 755 1801 religione
773 1732 910 1799 exdram)
933 1734 1041 1787 modum
1057 1751 1112 1809 qup
1123 1733 1221 1802 spicam
1234 1734 1276 1787 iu·

229 1842 232 1854 .
248 1809 268 1845 *⁸
288 1804 360 1861 veui,
379 1803 405 1854 in
419 1821 471 1869 qua
483 1802 569 1873 imago
582 1802 613 1855 B.
625 1802 656 1857 P.
671 1803 779 1857 Gatrusi
790 1803 957 1874 conspicitur.

287 1878 308 1913 “v
319 1873 407 1927 Pridie
428 1874 483 1939 ejus
500 1873 562 1934 diei,
585 1892 637 1940 quo
650 1872 681 1933 P.
696 1876 821 1937 Garates
844 1890 962 1930 extremo
975 1870 1082 1936 affedius
1096 1874 1132 1933 est
1144 1870 1280 1945 supplicio,

230 1949 270 1985 Α*
283 1942 376 2011 iugens
388 1944 477 1997 animo
489 1940 558 2011 quasi
573 1942 730 2002 extrinsecus
745 1940 846 2010 'injecta
865 1944 961 2013 cupido
979 1942 1122 2012 spedandae
1143 1944 1220 2003 caedis
1239 1944 1281 1996 iu·

248 2020 269 2061 4¹
282 2014 361 2075 cessit,
385 2027 414 2065 ut
442 2013 611 2082 reliquiarum
637 2010 693 2079 ejus
713 2013 813 2083 aliquid
830 2015 892 2068 inde
909 2015 1017 2068 domum
1030 2013 1165 2066 referrem.
1203 2016 1280 2081 Spem

248 2090 269 2115 ⁸‘
282 2101 345 2140 vero
357 2084 392 2147 ita
406 2082 502 2137 ceitam
514 2083 621 2155 concepi
636 2082 691 2136 fore
703 2084 822 2147 omnino,
847 2099 876 2137 ut
888 2086 942 2138 voti
954 2102 1059 2153 compos
1072 2084 1173 2157 fierem,
1190 2102 1219 2138 ut
1231 2085 1281 2147 du-

248 2155 364 2213 “bitate
406 2172 439 2205 on
464 2155 602 2223 potuerim,
627 2154 692 2224 quin
713 2154 814 2227 aliquid
833 2171 879 2224 per
902 2155 928 2217 id
952 2169 1055 2225 tempus
1070 2154 1149 2211 essem
1168 2151 1281 2217 risurus,

249 2231 269 2258 ‘⁴
282 2244 335 2293 quo
348 2225 390 2289 san
421 2225 428 2277 i
448 2224 485 2277 sui
506 2226 578 2278 Deus
593 2224 768 2279 innocentiam
786 2226 928 2286 testaretur,
952 2242 1066 2293 cumque
1086 2220 1154 2281 mihi
1171 2223 1280 2278 subinde

248 2302 269 2328 ‘⁴
281 2292 409 2363 ejusmodi
428 2296 552 2364 cogitatio
571 2296 729 2347 recursaret:
757 2313 815 2354 eam
834 2295 929 2347 iterum
949 2309 994 2367 atq
1014 2312 1027 2345 e
1047 2296 1141 2356 iterum
1166 2295 1279 2355 conabar

191 2415 194 2419 ,
249 2372 269 2405 “
282 2368 396 2437 abigere,
421 2384 453 2416 ne
467 2366 622 2427 miraculum
638 2365 674 2417 ibi
694 2364 919 2433 exspectarent
938 2383 1000 2418 nece
1022 2365 1077 2422 ario
1089 2362 1280 2436 expediandum

248 2443 269 2473 t‘
283 2454 335 2488 non
348 2452 412 2500 erat,
431 2438 518 2489 Deum
532 2438 656 2491 tentando
674 2436 820 2499 irritarem3
839 2436 938 2508 postero
950 2454 1012 2495 uero
1024 2436 1065 2489 dic
1079 2452 1109 2485 eo
1124 2452 1167 2502 me
1179 2435 1279 2491 summo

247 2514 270 2551 t‘
282 2525 360 2563 manc
370 2508 480 2570 contusi,
499 2507 662 2575 reliquosque
674 2525 765 2559 omnes
778 2522 940 2565 antevertens
953 2507 1103 2582 proximum
1118 2506 1276 2572 carnificinae

249 2582 270 2619 ⁴⁴
280 2578 368 2637 locum
382 2578 517 2647 occupavi.
555 2579 586 2629 Iu
598 2578 689 2628 eodem
700 2578 736 2629 ibi
747 2578 853 2647 vestigio
865 2577 1005 2641 haerebam,
1019 2577 1082 2632 dum
1097 2574 1192 2627 adesset
1205 2578 1276 2637 Gar-

247 2654 267 2684 “
280 2659 361 2710 uetus,
378 2661 464 2699 tantus
480 2666 540 2699 vero
552 2648 584 2699 ab
598 2649 711 2701 adventu
725 2648 804 2715 patris
824 2646 962 2702 concursus
974 2648 1092 2716 equitum
1105 2645 1163 2699 fieri
1173 2659 1275 2715 coeptus

248 2724 269 2751 ⁸¹
281 2718 326 2777 esi,
347 2717 436 2785 populi
455 2734 579 2772 uumerus
596 2732 683 2769 tantus
701 2720 793 2786 utique
812 2717 872 2777 fuit,
891 2723 920 2769 ut*
933 2732 1037 2786 captum
1050 2713 1126 2769 antea
1139 2716 1225 2770 locun
1238 2730 1278 2777 te-

248 2788 362 2839 “uendi
384 2788 491 2855 potessas
507 2804 560 2837 non
574 2786 643 2841 esset.
682 2788 776 2854 ltaque
790 2784 900 2853 rejedius
914 2788 1023 2844 coium,
1043 2790 1112 2853 uude
1125 2785 1276 2855 loquentem

249 2864 269 2894 “
283 2857 433 2911 exaudirem
448 2858 591 2927 agetrime,
610 2856 699 2909 notati
719 2873 806 2912 tamen
820 2858 951 2928 quaedam,
970 2874 1029 2927 quae
1041 2857 1108 2909 mihi
1120 2874 1172 2909 nou
1186 2874 1277 2925 parum

248 2934 269 2959 ⁴‘
283 2926 364 2979 solatii
380 2928 544 2996 attuleruut:
573 2926 644 2979 lllud
665 2944 778 2997 primum
798 2926 860 2989 suit,
878 2926 1008 2985 indusium
1023 2942 1096 2997 pater
1114 2926 1148 2980 fic
1167 2940 1278 2997 aptarat,

248 3005 267 3037 ⁴-‘
282 2998 387 3051 utillud
402 2995 580 3049 amidiuomni
610 3012 655 3067 pet
674 2999 822 3049 carnificem
835 3000 867 3049 de
882 3016 953 3049 more
969 2995 1096 3061 detrabit),
1113 2996 1170 3052 null
1192 2997 1278 3059 scta-‚li

249 3076 268 3104 ‘⁴
284 3068 385 3136 spiritus
399 3066 538 3119 eventilare
552 3067 640 3136 posset,
665 3069 688 3123 δι
710 3070 777 3129 casia
787 3068 832 3121 iila
845 3071 963 3128 membra
973 3070 1107 3137 detegere,
1127 3075 1181 3139 qu,
1210 3066 1289 3137 mihi=

247 3145 266 3181 ⁴⁴
280 3155 404 3207 magnum
426 3138 554 3191 modestia:
576 3138 735 3206 &puritatis
752 3154 934 3208 argumentum
957 3141 992 3191 est
1012 3140 1106 3198 tisiam.
1150 3137 1277 3205 Alterum

202 3262 208 3281 ⁸
248 3216 266 3241 ⁴⁴
281 3208 341 3270 suit,
367 3210 436 3276 quod
458 3226 517 3261 cum
540 3206 613 3261 scaiae
632 3206 687 3274 jam
705 3208 784 3271 esseut
806 3211 966 3270 amovendae,
985 3205 1105 3262 manibus
1126 3208 1152 3263 in
1172 3224 1277 3271 crucem

247 3285 265 3312 ‘¹
281 3278 426 3347 compositis
445 3294 504 3331 ante
526 3277 625 3351 pedi-us,
646 3281 768 3347 quamvis
788 3279 980 3347 aliquantulum
1001 3279 1051 3341 iiia.
1069 3278 1277 3340 demitteteutur‚

250 3358 268 3383 ¹⁴
283 3352 366 3402 erucis
379 3364 466 3401 tamen
480 3347 592 3418 effigiem
610 3350 684 3419 supra
704 3364 750 3403 cot
770 3351 850 3419 patris
861 3351 975 3417 cousipue
989 3348 1176 3417 expresserunt,
1193 3350 1277 3411 donec

247 3428 266 3455 “
281 3420 324 3472 iile
335 3436 480 3474 extremum
491 3422 549 3474 Deo
563 3420 678 3489 spiritum
692 3416 820 3479 recideret.
857 3422 948 3491 Atque
963 3422 1013 3473 boe
1026 3438 1057 3470 eo
1070 3420 1136 3474 mihi
1148 3416 1275 3483 majorem

248 3492 427 3543 “admirandi
448 3490 582 3543 materiam
602 3490 685 3553 dedit,
710 3490 782 3559 quod
805 3490 931 3542 divinitus
954 3491 1020 3543 mihi
1041 3488 1186 3544 eoncessum
1208 3489 1277 3561 patri

246 3568 266 3595 “
281 3562 422 3613 videretur.
460 3562 471 3612 1
476 3561 517 3630 pse
533 3561 602 3614 enim
616 3562 729 3612 moriens
749 3576 834 3613 oraret
852 3562 951 3624 Deum,
971 3575 999 3613 ut
1012 3559 1058 3612 sihi
1072 3579 1085 3612 a
1098 3562 1175 3611 corde
1188 3559 1274 3621 domi-

246 3638 266 3665 “
280 3632 366 3695 nicam
387 3650 489 3685 crucem
510 3648 646 3699 nunquam
664 3630 744 3683 avelli
764 3646 904 3702 pateretur.
942 3632 1054 3684 Adi-etti
1075 3644 1198 3700 praeterta
1213 3646 1275 3684 cum

246 3709 266 3747 t‘
281 3704 348 3758 beati
371 3704 492 3772 martyris
524 3702 638 3759 decisum
663 3714 742 3771 caput
764 3701 863 3771 populo
883 3700 1051 3773 spetiandum
1075 3714 1275 3769 proponeretur,

195 3778 197 3783 ’
245 3777 264 3803 “
278 3773 382 3825 vultum
404 3773 513 3824 omnino
532 3773 645 3823 cundem
665 3769 750 3835 fuisse,
769 3766 1020 3834 condemnatorem,
1039 3772 1085 3841 qui
1099 3772 1161 3823 vivo
1179 3768 1274 3830 suerat,

220 3863 223 3868 ·
245 3848 264 3873 “
279 3841 446 3910 spirantique.
492 3844 615 3910 Denique
637 3842 687 3893 hoc
705 3841 784 3895 etiam
801 3842 928 3895 memoria
947 3845 971 3893 n
990 3841 1140 3913 cognitione
1162 3840 1274 3911 dignum

245 3916 264 3946 “
280 3913 379 3979 putavi,
404 3914 474 3983 quod
495 3911 589 3968 faustas
610 3913 701 3983 populi
721 3914 930 3972 acclamationes,
950 3913 1047 3980 quibus
1066 3910 1109 3964 ille
1122 3910 1274 3966 diuturnam

244 3986 263 4013 “
279 3983 331 4049 tegi
345 3981 452 4035 salutem
465 3983 509 4035 tali
524 3985 548 4036 in
562 4002 590 4045 rc
601 4003 631 4035 ac
643 3999 760 4052 tempore
772 3983 861 4054 i'oiitne
874 3984 909 4034 est
928 3982 1097 4053 comprecari,
1110 3980 1200 4036 audivi
1213 3980 1272 4034 sane

245 4056 264 4085 ⁴‘
279 4051 375 4115 nullas,
394 4054 464 4120 quod
478 4056 542 4105 mihi
557 4054 654 4105 indicio
671 4072 722 4105 nou
739 4053 791 4103 levi
812 4052 873 4115 fuit,
889 4052 988 4122 populo
1002 4052 1056 4119 jam
1069 4069 1124 4103 tum
1137 4051 1218 4123 patris
1231 4051 1274 4107 in-

243 4127 262 4155 “
277 4122 424 4173 nocentiam
441 4122 566 4183 fuitse.‚&
580 4122 738 4192 perspediam
750 4123 882 4187 videlieet,
902 4126 926 4174 δι
939 4123 1084 4192 probatam.

279 4193 443 4243 “Membris
467 4208 579 4260 quatuor
600 4196 626 4244 in
652 4211 735 4262 partes
755 4192 877 4255 dissedit,
900 4196 925 4244 δι
944 4211 997 4245 una
1018 4210 1077 4243 cum
1097 4191 1180 4259 capite
1201 4189 1274 4243 corbi

240 4264 263 4299 Β
277 4261 401 4331 impositis
417 4268 462 4331 (ut
480 4266 512 4315 de
532 4269 603 4316 m'ore
624 4265 710 4335 gentis
730 4264 777 4317 sue
787 4281 897 4333 quaeque
908 4264 968 4316 loeo
979 4261 1162 4335 affigerentur)
1176 4260 1274 4383 selectim

1113 4338 1131 4367 ·‘
1142 4350 1175 4402 pa
1207 4347 1273 4383 atim
