2942 4942
250 323 1073 437 12411GN00RAMUS.
1161 356 1163 360 ·

290 504 381 575 Tm.
405 504 499 571 Haud
515 526 577 595 ego
595 517 693 585 certe,
718 505 874 569 Dalmata:
895 505 1002 569 heram
1027 500 1140 568 nablas
1161 517 1194 567 cs
1208 522 1283 586 per·

246 616 343 680 quam
361 593 459 657 suavis
473 592 599 657 indolis.
1272 636 1276 644 .

290 678 384 829 aur..
409 678 505 829 {erte
525 678 647 743 videtur
668 690 775 742 tenera
799 676 951 741 &amans
972 678 1076 761 pecia,
1098 697 1279 761 quanquam

245 788 297 830 ma
331 781 413 831 atae
442 812 451 829 .
601 786 602 789 ¹
1100 801 1103 812 ·

289 852 378 919 Tar.
402 850 579 917 Personatis
593 872 663 917 mos
677 849 721 915 est
731 849 908 937 virginibus
922 851 976 914 hic
991 851 1026 913 in
1039 851 1111 913 viis.

290 938 386 1005 Dur..
409 936 519 1001 Bonus
534 960 615 1003 mos.

283 1023 379 1091 Cur.
402 1024 448 1090 At
460 1026 544 1090 hanc
559 1039 624 1089 tam
637 1024 718 1091 bene
730 1037 862 1108 nuptam
881 1023 961 1104 dari,
982 1018 1024 1087 est
1038 1022 1122 1106 quod
1136 1023 1277 1086 laetemur

246 1134 298 1179 ma
323 1134 360 1176 rs.

288 1135 384 1277 fine.
407 1196 502 1264 Dicis
513 1218 633 1277 verum,
648 1216 702 1280 per
716 1193 848 1263 miffam‘.

290 1284 382 1351 cm.
407 1285 512 1349 Simus
528 1285 626 1370 igitur
639 1283 769 1347 hilares.

288 1369 385 1439 Dua.
408 1370 504 1437 Dicis
515 1370 606 1435 valde
619 1368 710 1435 bene.
837 1374 839 1381 '

289 1457 380 1522 Cur.
403 1456 589 1522 Rideamus.

287 1542 386 1609 Dm..
411 1540 516 1607 Siris.

288 1628 379 1693 Cur.
402 1626 564 1701 Bibamua.

288 1713 384 1779 Dur.
407 1713 441 1781 Si
452 1714 512 1779 vis.

163 1872 167 1881 ,
244 1808 249 1819 ’
289 1800 378 1866 Cur.
402 1799 542 1883 Vinum.

229 1898 231 1902 l
290 1886 387 1952 Dulce
412 1884 516 1957 SlVlS·
611 1920 615 1929 ⁵

282 1973 380 2038 ‘Cura
404 1973 491 2038 Cum
506 1973 666 2054 saccharo,
689 1973 818 2061 Signior
831 1974 964 2039 Dalman
986 2018 994 2036 .

261 2136 265 2145 Ι
289 2059 387 2126 Dm..
411 2060 444 2125 Si
459 2062 530 2126 vis:
554 2062 622 2127 sum
636 2061 674 2126 ad
689 2062 797 2126 omnia
809 2068 934 2145 quare¹.

290 2146 383 2212 Cur.
406 2146 517 2212 Praebe
531 2152 599 2211 αι’.
644 2146 729 2212 Hem
743 2147 821 2211 bene
835 2162 878 2226 te,
893 2145 1019 2232 Signior
1030 2142 1173 2209 Dalmata.

170 2242 172 2245 ’
290 2230 388 2299 Dur..
412 2232 554 2299 Gratias.

291 2318 380 2385 Cur.
404 2320 489 2384 Hem
510 2321 586 2395 ,inde
614 2319 808 2398 saccharum,
832 2320 1014 2384 saccharum
1039 2337 1125 2383 more
1149 2315 1280 2402 Anglica,

248 2404 283 2472 Si
306 2407 391 2487 nior,
406 2405 479 2471 inde
492 2408 688 2487 saccharum,
699 2423 736 2472 ut
750 2407 843 2472 dulce
853 2406 953 2485 bibat,
969 2406 1073 2471 dulcis
1083 2404 1198 2490 Signior
1211 2402 1278 2468 mio.

248 2430 368 2558 Albae
380 2494 575 2573 saccharum,
590 2495 719 2563 furcifer
731 2506 755 2557 ³.

289 2578 384 2644 Dur..
410 2577 475 2657 Sic,
491 2579 554 2645 fre.
591 2581 644 2646 Ad
656 2594 701 2661 te,
716 2579 874 2667 magister,
886 2594 997 2643 contra
1010 2600 1044 2643 es
1057 2576 1222 2661 dispositus
1231 2591 1257 2641 ⁴.

291 2664 381 2815 (Ilua.
404 2664 557 2731 Gratias:
581 2664 711 2752 pitillas,
723 2667 796 2731 bibe
809 2666 1010 2730 meliuscule:
1034 2666 1074 2730 da
1085 2665 1283 2745 saccharum,

246 2755 298 2828 sce
314 2774 351 2815 us
363 2757 388 2815 ³.
883 2775 886 2784 ’
966 2773 970 2781 “

292 2837 395 2902 Dur..
412 2836 510 2903 Certe
523 2839 604 2905 bene
619 2841 693 2918 feci,
704 2842 773 2926 jam
788 2840 910 2922 capiam
924 2842 1008 2923 conge'
1018 2838 1057 2901 de
1072 2836 1121 2903 te.

292 2924 382 2989 Cur.
407 2923 546 3011 Signior,
556 2924 647 2990 vale:
672 2926 757 3006 vale,
772 2906 929 3010 cognata,
953 2927 1004 2989 fac
1015 2926 1094 2990 boni
1110 2926 1195 3013 frugi
1211 2922 1279 2993 fres.

291 3008 375 3076 Poe.
399 3008 586 3090 Vare‚›va1e.
980 3011 984 3021 ’

292 3096 383 3161 Tar.
406 3097 466 3175 At,
492 3096 618 3185 Signiur
634 3098 782 3178 Dalman,
803 3120 879 3183 cape
892 3100 955 3163 boc
968 3098 1148 3164 saccharum
1170 3097 1281 3177 etiam,

355 3185 362 3198 '
496 3191 506 3227 5

245 3204 543 3425 {alilallqulrnaltias
557 3294 572 3361 :¹
599 3273 705 3338 bibam
742 3274 873 3338 salutem
908 3285 996 3335 tuam
1028 3272 1063 3335 in
1094 3270 1201 3354 Anglia
1223 3292 1283 3355 pro

273 3380 311 3422 oc
338 3402 348 3422 .
430 3385 432 3392 .

247 3567 249 3572 ,
285 3523 381 3575 ¹⁴Trica
392 3539 460 3587 poure
471 3524 601 3591 outaglasa
612 3526 720 3576 oswine.
852 3512 1055 3591 ²Cuperdrialra.
1136 3488 1149 3499 -
1185 3524 1282 3572 Μήτι

250 3589 350 3640 fillaahe
362 3590 422 3655 glast
431 3588 509 3655 again.
650 3592 883 3642 ⁴Dulmanrlrinka.
1023 3588 1123 3637 scires
1133 3589 1285 3646 Dvlwth‘

251 3656 312 3723 ‘lass
322 3656 400 3705 which
412 3658 493 3713 hehad
504 3658 590 3720 pourerl
600 3671 641 3707 out
652 3656 740 3707 before.
870 3654 884 3689 ⁶
899 3657 1001 3708 Dalmata
1012 3654 1093 3703 drinks
1104 3655 1184 3719 agaiu.

708 3752 828 3772 ..ι-

286 3801 362 3869 ⁸sum
375 3800 506 3854 adomnia
518 3800 649 3872 quare—]
669 3802 696 3855 It
708 3770 755 3854 has
774 3804 839 3856 been
855 3763 989 3873 suggesterl
1002 3815 1031 3853 to
1041 3814 1084 3853 me
1094 3774 1151 3852 that
1161 3798 1214 3853 this
1225 3799 1283 3871 paf-

252 3868 311 3940 sage
322 3869 414 3924 should
426 3871 553 3943 probably
565 3873 635 3924 stand
648 3871 727 3925 thus:
749 3872 830 3925 ‘Nou
842 3872 900 3926 sum
913 3870 1044 3925 adomnia
1060 3870 1162 3941 quare,’
1180 3868 1200 3925 i.
1206 3887 1231 3923 e.
1248 3878 1258 3905 ⁴
1269 3872 1284 3926 1
1397 3915 1401 3921 .

252 3958 295 3992 am
317 3954 363 3992 not
382 3955 408 3993 at
424 3940 460 3993 all
477 3958 558 4011 queer
569 3943 588 4004 ;’
606 3943 655 3994 but
668 3942 774 4013 though
786 3942 808 3995 it
820 3942 900 3997 seems
915 3957 944 3996 to
967 3940 1032 3995 need
1051 3938 1122 3994 fome
1138 3938 1286 3995 cornelion

254 4024 282 4062 ro
290 4010 366 4062 make
379 4009 399 4063 it
409 4009 577 4083 intelligible,
587 4011 622 4065 all
631 4012 675 4066 the
686 4010 857 4085 manuscripts
866 4014 922 4067 that
935 4012 1046 4067 wehare
1058 4024 1101 4082 yet
1112 4010 1179 4075 seen,
1188 4028 1216 4065 aa
1222 4011 1286 4067 well

255 4098 283 4135 as
295 4080 329 4135 all
335 4080 379 4135 the
384 4081 487 4155 printed
492 4081 616 4150 editione,
621 4084 755 4141 concutio
762 4083 854 4159 giving
865 4082 917 4141 itas
929 4083 951 4141 it
962 4082 1024 4143 hero
1034 4081 1119 4140 flandr
1128 4082 1157 4140 in
1165 4082 1210 4137 the
1218 4096 1285 4139 text.

1080 4169 1083 4176 ·
1192 4150 1284 4225 Tar.
