2942 4942
380 338 1003 459 ‘r‘urronAMuu
1155 332 1268 469 203¹

123 570 134 595 ·
233 546 315 618 Por.
338 551 464 617 Invocat
476 548 579 618 fratres
592 554 657 618 suos
671 552 813 620 diabolum

236 638 322 705 Cor..
341 641 468 704 ¹Tace¹2
492 641 691 720 eradicemini,
710 640 769 705 five
784 640 843 705 fitis
857 642 891 705 in
912 640 1038 726 diploide
1062 646 1219 728 manicata,

191 726 240 789 vel
253 724 364 803 tunica,
381 723 484 799 hucin
502 728 638 806 manicis,
658 726 703 791 vel
720 728 759 791 in·
771 728 903 811 capsulis,
917 731 964 793 vel
978 732 1010 793 in
1029 732 1154 816 calamo,
1172 737 1220 801 vel

194 814 227 877 in
241 834 319 891 cera,
330 826 384 875 aut
397 810 500 895 sigillo,
514 812 560 877 vel
575 813 606 876 in
620 815 850 899 cornugraphio.

220 930 224 935 ·
239 896 318 965 Iit-tt.
342 898 416 961 Erat
428 900 459 960 in
474 919 570 962 cornu
583 899 680 963 hodie.
735 935 739 941 ·

240 981 329 1049 Cur.
354 983 491 1073 Conjuro
503 1000 543 1065 te,
557 988 674 1069 peffime
687 986 817 1067 daemon,
831 986 879 1051 exi
893 1006 910 1052 e
925 1008 1031 1057 cornu.

646 1129 785 1151 ἰιι-ιι·-

641 1223 651 1253 ¹
669 1215 789 1271 ΤοΡοΙΙα.

604 1340 609 1349 ι
648 1326 790 1349 ''⁸‘'-

200 1412 210 1438 ‹
230 1402 278 1457 fi„
294 1402 322 1455 [η
334 1402 423 1454 datum
441 1388 479 1453 illi
493 1398 520 1456 in
540 1398 609 1462 cibo,
621 1397 661 1451 vel
681 1408 755 1471 potu,
767 1416 783 1449 a
801 1414 957 1469 quocunque
966 1399 1083 1454 malefico
1093 1402 1134 1456 vel
1145 1404 1225 1459 rnale·

199 1483 209 1507 ⁴
228 1474 297 1541 flea,
318 1472 367 1526 live
385 1471 414 1525 srt
429 1470 537 1542 politum
546 1470 574 1523 in
585 1468 758 1523 fundamentis
776 1469 868 1520 domus
880 1469 945 1536 ejus,
956 1470 996 1523 vel
1008 1472 1150 1526 sublimine
1162 1476 1227 1540 ollii,

201 1553 275 1597 ‘aut
292 1545 320 1596 in
336 1542 447 1612 ingressu
458 1541 550 1594 domus
561 1539 627 1605 ejus,
641 1540 669 1592 δι
687 1539 715 1591 in
752 1538 927 1609 uibuscunque
944 1538 1018 1605 locis,
1030 1542 1058 1595 in
1088 1544 1165 1597 uibus
1177 1546 1228 1626 ipht

201 1611 492 1682 ‘'habitat&quiescit;
517 1610 567 1662 sive
583 1608 648 1661 illud
660 1608 689 1661 lit
733 1558 808 1661 litum
821 1608 847 1661 in
857 1622 942 1679 puteo,
955 1610 1039 1691 lovea,
1050 1560 1090 1666 vel
1103 1614 1228 1685 sterqurli·

201 1694 210 1718 ⁶
230 1685 285 1749 ni03
304 1698 348 1737 aut
355 1682 398 1735 via
404 1683 444 1735 vel
452 1682 547 1745 semita,
557 1680 583 1732 in
591 1680 665 1732 horto
672 1628 847 1732 vellonducto
855 1691 913 1745 ,aut
922 1679 951 1731 fit
962 1700 989 1733 rn
997 1682 1065 1752 igne,
1077 1684 1143 1748 a‘e're‚
1151 1704 1228 1756 aqua,

102 1762 106 1767 '
199 1763 210 1789 ⁸
230 1756 256 1807 δι
266 1767 342 1820 terra,
353 1752 393 1805 vel
405 1765 490 1815 vento,
509 1762 554 1803 aut
572 1749 598 1802 in
617 1767 770 1820 quocunque
784 1750 840 1802 loco
852 1750 927 1803 nobis
941 1763 1001 1803 noto
1017 1754 1056 1805 vel
1068 1754 1168 1831 ignoto,
1184 1775 1229 1827 per

174 1881 178 1886 ,
200 1833 210 1859 ⁴
229 1842 321 1877 nomen
341 1841 465 1891 magnum
477 1822 527 1875 Dei
539 1822 645 1884 Admai,
662 1822 688 1872 bc
703 1838 750 1892 per
764 1820 958 1888 virtutem-ejus,
976 1824 1049 1876 uobis
1066 1826 1187 1897 praecipio
1198 1839 1232 1879 ut

203 1903 211 1930 ⁸
230 1912 284 1947 non
295 1893 408 1947 habeatis
419 1892 564 1964 potestatem
576 1890 740 1944 consemrandi
751 1889 835 1954 illud,'
853 1892 903 1944 &c

238 1965 271 2017 In
283 1983 309 2045 p.
326 1983 356 2031 33
362 1984 375 2031 ς
388 1962 419 2015 of
423 1964 465 2014 the
476 1963 542 2015 same
553 1958 687 2015 collection
698 1961 720 2012 is
731 1962 837 2012 another
845 1962 1005 2029 Conjuratio,
1016 1982 1077 2035 very
1089 1966 1177 2037 nearly
1188 1986 1229 2021 re.
1334 1994 1337 2005 r

202 2035 327 2104 semblrng
338 2037 381 2086 the
389 2035 478 2095 above,
487 2033 588 2101 though
599 2043 645 2083 not
652 2030 723 2101 quite
731 2031 757 2084 so
767 2029 905 2097 extendre,
925 2033 976 2084 and
987 2034 1014 2086 in
1026 2052 1053 2104 p.
1063 2038 1148 2101 314&
1159 2038 1230 2109 seqq.

204 2106 227 2157 is
239 2105 354 2167 another,
374 2104 402 2155 in
418 2102 503 2153 which
520 2099 594 2154 latter
605 2102 647 2152 the
659 2102 774 2152 daemons
789 2119 830 2152 are
849 2103 1018 2155 commanded
1033 2105 1061 2157 in
1072 2107 1114 2158 the
1126 2107 1230 2159 follow-

205 2175 252 2243 ing
262 2175 365 2226 words:
393 2172 492 2245 ‘Qod
512 2190 564 2223 non
585 2170 699 2223 habeatis
717 2169 867 2223 facultatem
891 2173 1060 2227 abscondendi
1078 2174 1122 2228 illa
1142 2177 1169 2228 in
1181 2178 1230 2229 ali-

206 2252 215 2278 ⁴
234 2262 286 2314 qua
295 2257 367 2324 parte
385 2243 461 2308 hujus
478 2240 602 2311 corporis,
614 2242 648 2294 sc.
667 2241 839 2309 insanguine,
855 2242 965 2307 cholera,
984 2243 1112 2315 flegmate,
1131 2246 1231 2299 melan-

207 2322 216 2349 ί
234 2314 328 2375 clloha,
340 2331 386 2365 nec
397 2313 521 2372 incarne,
538 2329 584 2363 nec
603 2310 631 2363 in
649 2311 754 2373 offibus,
763 2329 844 2381 neque
854 2312 880 2363 in
892 2313 1021 2377 medullis,
1032 2333 1077 2368 nec
1090 2317 1117 2370 in
1135 2318 1231 2382 neruis,

181 2374 217 2441 ’,ῑ
236 2402 283 2437 uec
295 2384 323 2436 in
337 2383 420 2445 renis,
431 2398 512 2451 neque
523 2381 552 2433 in
567 2381 687 2434 omnibus
707 2381 835 2447 juncturis
851 2383 927 2449 hujus
939 2385 1062 2454 corporis,
1082 2404 1129 2440 nec
1143 2387 1232 2458 inlpe-

210 2462 219 2488 ‘
236 2454 323 2517 dibus,
341 2472 387 2506 nec
402 2453 431 2505 in
445 2451 527 2516 tibiis,
543 2469 625 2522 neque
645 2451 673 2503 in
684 2451 816 2515 lateribus,
835 2469 880 2505 nec
899 2453 926 2505 in
946 2454 1060 2519 renibus,
1072 2474 1119 2509 nec
1143 2458 1232 2512 fubtue

177 2559 181 2564 .
209 2534 219 2559 ‘
237 2543 320 2587 renes,
339 2542 421 2594 neque
436 2524 511 2592 supra
526 2540 608 2585 renes,
627 2539 674 2574 nec
686 2522 712 2575 in
725 2523 808 2584 dorlb,
821 2540 867 2575 nec
880 2523 906 2575 in
918 2525 1033 2595 spatulis,
1043 2544 1124 2598 neque
1134 2529 1232 2599 ungui·

126 2644 129 2647 ,
196 2593 219 2631 '⁴
238 2597 299 2662 bus,
310 2613 356 2647 nec
375 2595 403 2646 in
411 2594 496 2657 corde,
507 2610 589 2664 neque
600 2593 628 2646 iu
639 2593 669 2653 he
688 2604 738 2656 ate,
753 2592 800 2644 nec
814 2593 841 2644 in
854 2592 946 2672 splene,
962 2612 1007 2647 nec
1020 2615 1047 2649 rn
1060 2597 1235 2664 interioribus,

133 2674 135 2678 ’
211 2673 221 2702 ‘
238 2682 320 2746 neque
331 2665 358 2717 in
370 2664 505 2735 pulmone,
513 2682 559 2716 nec
571 2663 598 2716 iu
616 2612 738 2715 inteilinis
755 2662 924 2733 superioribus
935 2665 975 2718 iel
987 2666 1161 2733 inferioribus,
1175 2687 1234 2721 ma-

210 2743 218 2771 ‘
234 2736 335 2803 juribus
346 2735 386 2788 vel
398 2733 551 2797 minoribus,
563 2750 610 2785 nec
618 2733 644 2786 in
657 2732 794 2797 stomacho,
802 2733 881 2786 necin
891 2746 986 2798 ventre,
997 2754 1078 2809 neque
1087 2737 1114 2790 in
1123 2740 1234 2810 pectore,

208 2806 331 2861 ‘necin
348 2816 463 2875 gutture,
482 2822 529 2857 nec
548 2804 576 2855 in
595 2804 673 2867 collo,
683 2821 765 2873 neque
781 2805 808 2855 in
825 2804 900 2869 facie,
919 2822 964 2858 nee
986 2808 1013 2858 in
1028 2820 1125 2873 mento,
1142 2826 1187 2863 uec
1206 2812 1236 2864 in

160 2870 166 2891 ¹
210 2884 220 2931 .‘
238 2875 361 2940 nraxillis,
373 2893 455 2946 neque
467 2875 495 2927 in
506 2874 635 2937 dentibus,
647 2874 733 2925 necin
745 2874 872 2944 gengivis,
883 2892 928 2927 nec
938 2876 965 2928 in
976 2876 1075 2948 lingua,
1086 2896 1166 2950 neque
1174 2882 1234 2934 sub-

210 2955 220 2981 ‘
239 2946 324 2999 tuslin
406 2982 415 3009 ,
429 2962 510 3015 neque
528 2945 602 3014 supra
620 2944 753 3013 linguam,
762 2962 842 3015 neque
859 2946 886 2997 in
905 2946 1000 3016 palato,
1013 2966 1060 3002 nec
1072 2967 1142 3014 nare,
1154 2968 1237 3022 neque

212 3026 222 3052 ‘
239 3018 266 3069 in
278 2964 434 3080 ocufflec
451 3016 478 3068 in
494 3014 610 3077 auribus,
626 3032 673 3067 nec
685 3015 713 3080 in
724 3016 836 3079 cerebro,
849 3034 930 3085 neque
948 3015 974 3068 in
986 3019 1112 3089 paniculis
1130 3022 1237 3084 cerebri,

213 3095 222 3122 ‘
240 3105 286 3141 nec
298 3088 325 3139 in
343 3086 453 3149 arteriis,
466 3104 514 3138 uec
524 3086 553 3138 in
563 3084 674 3147 fecibus,
687 3101 768 3154 neque
783 3085 810 3137 in
822 3085 878 3138 aliis
890 3088 976 3152 rebus,
990 3090 1029 3142 vel
1039 3090 1103 3143 locis
1114 3094 1238 3162 corporis,

139 3201 143 3208 .
214 3159 282 3209 ‘vel
309 3168 382 3209 extra
410 3174 502 3227 corpus
526 3156 590 3222 ejus,
612 3172 658 3207 nec
680 3156 823 3218 intrinsece,
836 3174 918 3227 neque
929 3159 1069 3224 extrinfice‚
1092 3178 1174 3231 neque
1194 3164 1237 3215 su·

214 3235 223 3261 ι
241 3226 410 3308 perficiamur,
432 3225 522 3284 necin
542 3224 651 3295 capillis,
680 3242 725 3278 nec
743 3226 772 3279 in
789 3226 858 3296 pilis,
871 3244 951 3305 neque
963 3229 989 3280 in
1010 3232 1172 3296 uestimentis,
1192 3251 1239 3286 nec

214 3308 223 3331 ⁴
242 3315 269 3349 ιη
281 3296 446 3367 genitalibus,
461 3313 508 3349 nec
526 3294 554 3347 in
572 3294 704 3358 umbilico,
716 3314 797 3365 neque
809 3295 836 3348 in
852 3299 967 3367 partrbus
978 3301 1145 3365 verecundiis,
1157 3320 1240 3373 neque

213 3375 224 3425 ,⁴
243 3367 271 3419 in
282 3366 397 3437 partibus
409 3366 460 3418 illis
478 3364 708 3429 circumstantibus,
725 3383 807 3435 neque
824 3366 850 3419 in
868 3366 923 3419 aliis
946 3368 1009 3422 locis
1021 3372 1066 3423 ubi
1078 3372 1113 3423 ire
1125 3372 1164 3424 vel
1178 3373 1241 3426 stare

216 3447 227 3475 ⁴
244 3438 334 3490 debeat
344 3460 352 3503 3
372 3437 414 3489 sed
422 3434 511 3489 invicti
519 3435 642 3499 &coadth
650 3448 725 3506 atque
732 3436 825 3489 virtute
837 3438 885 3489 Dei
893 3440 1022 3509 compulli,
1031 3459 1100 3493 nunc
1111 3442 1241 3511 cogamini

218 3508 332 3564 ‘omnia
354 3507 399 3562 illa
418 3522 545 3568 removere
567 3508 599 3559 ab
619 3507 740 3559 omnibus
761 3506 876 3577 parribus
901 3510 1013 3579 corporis
1031 3510 1100 3563 istius
1119 3525 1241 3566 creaturae
1318 3534 1321 3546 ’

218 3587 227 3613 ‘
246 3578 295 3629 Dei
308 3577 343 3631 N.
360 3578 508 3648 ubicunque
525 3575 573 3628 tint
588 3595 604 3628 a
614 3576 702 3647 planta
717 3577 788 3647 pedis
802 3578 926 3647 usquead
941 3579 1069 3643 verticem,
1083 3581 1108 3632 dc
1120 3580 1164 3633 illa
1176 3584 1241 3636 edu·

218 3647 310 3700 ‘catis
325 3660 396 3700 extra
414 3648 497 3717 ipsura
516 3664 610 3717 corpus
621 3661 667 3717 per
684 3647 756 3713 illpm
775 3648 842 3700 viam
854 3665 913 3717 quae
925 3648 954 3701 srt
972 3667 1014 3701 ma
1034 3651 1054 3703 's
1067 3651 1147 3703 libera
1159 3653 1184 3705 δε
1195 3673 1242 3707 ex-

218 3728 228 3823 :
246 3718 480 3841 pcedsitmpltlappraefios·
490 3717 682 3840 stomachi,8per
692 3731 791 3817 guttur,
802 3719 829 3839 ξι
836 3735 880 3800 per
891 3736 930 3782 os,
944 3736 1003 3772 curn
1026 3738 1088 3843 ¹529
1098 3720 1242 3844 ppamfeho,

219 3868 228 3895 ι
247 3806 347 3911 uult,
359 3861 390 3911 n
401 3805 662 3922 millibus
672 3794 1181 3931 tfflrhtitssqttthmurh
1191 3795 1243 3919 ili

221 3940 229 3965 ⁶
249 3929 412 3984 fithabitatiu
423 3929 578 3983 bantinum*
844 4009 846 4012 ι
1166 4005 1234 4075 1οΝ

312 4020 329 4084 7
1236 4054 1246 4075 .
