2942 4942
447 280 1058 391 renarrant
1203 272 1265 417 ιῂ
1435 258 1439 266 ’

287 495 373 577 Con.
396 494 444 558 Eo
457 521 465 570 3
493 491 538 556 sed
552 493 686 579 linguam
698 491 785 571 hanc,
799 491 871 555 dum
885 492 982 573 redeo,
995 492 1075 557 serua
1088 490 1263 578 diligenter:

241 574 379 649 Stolidus
392 580 528 644 Achates*
539 582 565 643 ⁸.
640 577 642 585 ’
661 615 663 619 -
1138 628 1140 634 ,

798 732 804 743 „
1099 716 1101 719 .
1153 660 1263 729 ‘Cura
1348 647 1350 660 γ

713 766 855 797 ἀὐ-ιιι

675 830 686 863 ¹
706 827 832 877 Externa.

712 950 849 971 aun-¹⁹·

239 1053 251 1080 4
266 1041 319 1097 Δὶὶνιο
329 1041 471 1108 Aricinae,
490 1045 515 1112 J·
530 1040 564 1097 ll.
579 1042 778 1115 &philosophiae
791 1042 908 1108 dodtori,'
925 1042 946 1095 is
964 1038 1040 1095 dated
1059 1042 1184 1113 Lugduni,
1208 1046 1259 1100 Ne.

145 1118 152 1129 ’
242 1116 310 1184 Aug.
324 1121 390 1169 1616
403 1140 409 1168 ς
435 1115 486 1168 and
498 1116 539 1167 the
551 1116 643 1167 author
654 1115 710 1167 tells
722 1132 764 1179 us,
777 1114 803 1167 in
815 1114 857 1165 the
869 1113 1003 1185 following
1012 1114 1096 1165 words
1109 1127 1135 1166 at
1148 1116 1189 1167 the
1201 1134 1262 1186 very

239 1186 383 1263 beginning
401 1185 432 1237 os
450 1186 489 1237 hia
510 1185 646 1264 appendix,
665 1186 721 1237 that
733 1186 764 1237 he
785 1185 834 1237 had
853 1186 916 1237 been
937 1184 1005 1235 there
1022 1186 1069 1236 but
1084 1201 1100 1235 a
1118 1184 1185 1237 short
1200 1185 1263 1238 time

242 1257 344 1308 belorc:
376 1255 482 1309 ‘Adita
502 1255 565 1308 mihi
588 1272 633 1325 per
649 1256 794 1308 Galliarum
815 1267 913 1326 partem
931 1253 1102 1325 peregrinanti
1118 1272 1199 1326 nuper
1210 1255 1263 1310 suit

239 1332 251 1361 4
268 1326 351 1379 Bardi
365 1327 432 1380 ala?
662 1340 664 1349 '
1168 1366 1171 1370 ·

276 1396 303 1448 It
318 1344 379 1467 mdy
393 1396 500 1468 perhaps
517 1396 600 1449 afforrl
614 1396 656 1448 the
672 1396 760 1448 reader
778 1396 844 1447 some
861 1393 1020 1448 hastatum
1036 1406 1063 1447 to
1084 1393 1115 1447 be
1134 1394 1263 1451 informet

239 1454 302 1519 who*
312 1466 351 1522 St.
362 1468 499 1520 Severianus
507 1485 578 1531 was3
600 1465 652 1517 and
663 1464 705 1518 for
716 1468 772 1519 that
782 1466 888 1537 purpose
897 1484 936 1517 we
944 1464 1004 1516 shall
1014 1464 1071 1517 here
1079 1465 1154 1518 insert
1165 1468 1207 1520 the
1216 1485 1261 1521 aa·

239 1548 319 1589 count
327 1538 402 1606 given
412 1536 444 1589 os
453 1537 506 1589 him
513 1540 549 1606 by
561 1538 672 1608 Gregoty
681 1534 712 1588 of
719 1536 824 1603 Toum.
836 1536 904 1588 from
913 1534 999 1588 which
1007 1534 1028 1587 it
1038 1535 1092 1587 will
1104 1554 1196 1607 appear
1204 1539 1262 1591 that

241 1607 280 1660 St.
292 1608 428 1660 Severiacus
442 1625 496 1659 was
513 1608 556 1659 the
566 1619 657 1677 patron
663 1599 721 1657 'and
729 1606 839 1676 tutelas-y
850 1606 914 1658 saint
922 1605 954 1657 of
963 1606 1128 1658 Bourdeauxe
1146 1624 1163 1659 a
1173 1610 1261 1662 reason

148 1731 151 1743 y
238 1676 324 1728 which
335 1677 368 1729 of-
376 1676 451 1739 itself,
464 1676 488 1728 if
505 1677 574 1729 there
585 1676 636 1727 had
647 1678 711 1729 been
723 1694 757 1729 no
767 1677 849 1740 other,
860 1676 944 1745 might
955 1675 982 1727 in
994 1676 1060 1728 some
1072 1677 1161 1745 degree
1171 1679 1263 1750 justify

239 1745 296 1799 Mr.
309 1746 404 1816 Rnggle
415 1747 457 1799 sor
473 1747 594 1817 inserting
611 1746 653 1799 his
670 1764 744 1799 name
762 1747 790 1800 in
802 1746 843 1799 the
855 1758 918 1799 text.
956 1746 1064 1799 ‘Habet
1084 1747 1108 1799 &
1127 1748 1261 1819 Burdega·

237 1824 248 1849 4
265 1816 334 1883 lenſss
345 1820 406 1868 urbs
419 1830 540 1888 patronos
551 1816 717 1881 venerabiles,
732 1818 777 1889 qui
791 1816 880 1887 sapius
890 1819 915 1871 se
933 1816 1071 1869 virtutibus
1087 1817 1260 1885 manifestarit,

238 1893 249 1920 ‘
266 1887 380 1940 sandalum
392 1888 544 1941 Severinum
555 1888 698 1958 episcopum
715 1888 861 1941 suburbano
877 1906 1009 1940 murorum
1030 1889 1128 1941 sununa
1141 1890 1262 1944 excolens

237 1963 248 1990 ‘
266 1956 330 2023 lide3
354 1958 379 2009 dt
391 1957 450 2009 licet
458 1959 512 2025 jam
524 1959 663 2011 dixerimus
676 1958 703 2010 in
715 1958 823 2029 prologo
836 1958 894 2009 libri
906 1957 993 2024 hujus,
1002 1970 1032 2009 ut
1044 1977 1073 2010 ea
1084 1970 1185 2013 tantum
1197 1962 1260 2014 scri.

238 2033 248 2059 4
266 2028 381 2080 betanus
394 2046 452 2097 quae
466 2029 537 2080 Deus
551 2028 605 2097 post
617 2027 717 2080 obitum
729 2027 873 2081 sanctorum
889 2026 1002 2091 snorum,
1015 2026 1050 2079 eis
1072 2030 1259 2097 obtinentibus,

237 2104 248 2130 4
266 2096 299 2148 est
310 2098 407 2168 operari
423 2097 555 2167 dignatus,
566 2108 651 2150 tamen
664 2115 715 2149 non
737 2109 800 2168 puto
817 2098 955 2150 absurdum
975 2097 1044 2162 duci,
1067 2097 1085 2149 si
1105 2099 1136 2151 de
1154 2100 1260 2155 illorum

237 2173 248 2200 ‘
265 2167 317 2219 vita
332 2176 500 2220 memorentur
513 2167 609 2237 aliqua,
623 2166 761 2237 dequibus
780 2167 852 2220 nulla
868 2166 1037 2238 cognovimus
1049 2166 1095 2219 else
1107 2170 1257 2241 conscripta.

238 2243 247 2270 4
267 2238 373 2289 Sandlus
384 2237 462 2305 igitur
473 2238 658 2301 Severinus,ut
667 2237 778 2307 ipsorum
787 2237 1002 2308 Burdcgaleryium
1014 2238 1163 2291 clericorum
1175 2240 1260 2295 fidelia

237 2306 469 2377 ‘relatiuprofcm
480 2308 511 2360 de
535 2308 650 2377 partibus
675 2308 787 2362 Orientis
810 2308 843 2361 ad
866 2308 972 2360 eandem
995 2307 1132 2360 destinatur
1155 2312 1258 2365 urbem.

237 2384 248 2410 4
265 2377 337 2429 Dum
349 2378 594 2447 autemiterageret,
611 2378 769 2431 &ecclesiam
777 2378 980 2449 burdegalensem
989 2378 1118 2430 Amandus
1127 2379 1259 2451 episcopan

235 2453 246 2480 4
264 2460 369 2517 regeret,
380 2448 497 2518 adparuit
508 2448 530 2500 ei
542 2448 670 2501 Dominus
682 2448 710 2501 in
721 2450 776 2501 visu
788 2449 881 2512 anilis,
903 2449 1000 2512 dicens,
1012 2454 1032 2483 “
1047 2450 1135 2519 Surge,
1149 2451 1174 2502 dc
1184 2469 1257 2521 egre.

236 2524 256 2551 “
276 2517 333 2570 dere
344 2518 372 2570 in
382 2520 514 2572 occursum
523 2518 690 2573 famulorneo
702 2520 835 2585 Severini,
847 2520 872 2571 dt
884 2520 980 2571 honora
995 2536 1054 2571 eum
1066 2518 1128 2572 sicut
1139 2520 1260 2575 honorari

237 2592 257 2622 44
275 2587 396 2658 scriptura
408 2590 492 2642 santia
502 2590 576 2641 docet
591 2589 703 2642 amicum
714 2588 885 2656 Divinitatie3
906 2588 996 2643 melior
1006 2585 1039 2641 est
1048 2588 1116 2642 enirn
1133 2602 1167 2653 te,
1180 2593 1258 2645 nteri-

232 2658 354 2739 “risque
374 2659 535 2718 sublimior.”
577 2661 723 2730 Exsurgens
744 2672 829 2713 antem
851 2660 979 2713 Amandus
995 2660 1134 2730 episcopus,
1154 2674 1259 2733 accepto

176 2741 182 2755 ⁸
235 2733 249 2762 4
265 2728 358 2780 bacillo
366 2728 394 2781 in
404 2746 484 2782 manu
495 2731 550 2793 sua,
557 2731 667 2799 penexit
684 2731 711 2782 in
729 2732 863 2784 occursum
880 2732 952 2797 ejus3
972 2730 1036 2782 nihil
1052 2731 1082 2781 de
1099 2731 1155 2783 viro
1169 2733 1259 2785 sanilo

235 2806 246 2832 4
263 2798 352 2862 sciens,
364 2798 409 2850 nisi
428 2817 487 2869 quae
497 2800 627 2854 Dominus
647 2800 782 2854 revelasset.
819 2802 855 2853 Et
872 2800 1044 2853 eccetanttus
1061 2801 1199 2853 Severiaus
1211 2821 1256 2856 ve-

236 2876 249 2902 ‘
265 2868 350 2921 niebat
371 2869 441 2939 quali
451 2870 555 2922 obviam
567 2870 608 2922 eil
643 2871 723 2923 Tunc
742 2870 974 2951 adpropinquantes
992 2869 1047 2932 libi,
1064 2888 1092 2922 ac
1109 2871 1216 2941 propriis
1232 2876 1259 2926 se

233 2946 245 2974 4
263 2939 412 2992 nominibus
436 2940 583 3004 salutantes,
607 2952 686 2994 munt
708 2942 802 3012 pariter
824 2960 851 2993 ra
872 2942 1022 3011 amplexua3
1058 2940 1255 3012 deosculatique,

233 3016 245 3044 4
262 3007 318 3061 fusa
338 3011 451 3063 oratione
462 3010 589 3063 ecclesiam
607 3030 667 3064 cum
687 3028 785 3082 magno
804 3011 935 3081 psallentio
956 3011 1012 3063 sunt
1024 3011 1134 3081 ingrelli.
1170 3014 1255 3086 Qem

234 3087 244 3114 4
262 3077 379 3151 deinceps
391 3081 419 3132 in
430 3093 531 3133 tantiam
543 3082 632 3133 ditexit
643 3100 672 3134 ac
683 3094 819 3134 veneratus
828 3082 861 3133 est
871 3082 997 3134 Amandus
1005 3082 1145 3152 episcopua,
1155 3096 1184 3135 ut
1196 3104 1256 3137 euna

234 3156 245 3184 ⁸
262 3147 289 3199 in
301 3150 386 3202 locum
398 3151 471 3203 suum
483 3151 648 3215 substitueret,
664 3170 694 3203 ac
710 3152 761 3222 ipse
771 3152 841 3223 quasi
851 3152 938 3218 junior
949 3152 1098 3217 habebatur,
1136 3154 1254 3225 Denique

234 3227 245 3254 ‘
262 3219 417 3289 postpaucoa
430 3238 511 3273 annos
522 3221 587 3273 obiit
597 3220 751 3273 beatissimus
764 3222 919 3286 Severinum
934 3234 996 3307 'quo
1008 3222 1113 3292 sepulto,
1127 3224 1256 3278 Arnandat

233 3289 390 3369 ‘episcopua
402 3291 494 3361 recepit
505 3291 591 3343 locum
603 3291 687 3353 suum,
704 3310 780 3361 quem
791 3292 813 3343 ei
830 3309 882 3343 non
899 3293 1007 3345 dubium
1025 3292 1059 3344 est
1077 3312 1120 3362 per
1132 3294 1255 3346 obedien-
1280 3334 1283 3342 ,

103 3412 106 3422 Δ
233 3367 324 3412 ‘tram
335 3359 462 3412 redditum
481 3378 559 3432 quam
575 3361 602 3413 in
612 3360 661 3413 Dei
671 3362 788 3413 sonitum
797 3362 920 3414 exercuit.
957 3363 998 3415 Ex
1015 3362 1062 3414 hoc
1075 3362 1178 3427 incole,
1189 3382 1256 3435 cog·

111 3434 118 3448 ”
182 3473 185 3484 ,
232 3437 242 3464 4
261 3430 315 3482 nita
323 3431 377 3496 ejus
389 3429 676 3501 sanctitatejpatronum
688 3431 733 3483 fibi
740 3432 896 3497 adsciscunt3
916 3432 977 3484 certi
988 3433 1058 3503 quod
1071 3432 1087 3484 si
1100 3434 1263 3504 quandoque,

182 3540 188 3552 .
231 3506 243 3535 4
260 3501 349 3553 urbem
358 3512 403 3552 aut
413 3504 520 3557 morbus
527 3503 642 3572 obrepat,
654 3508 699 3554 alut
709 3501 832 3555 hostilitas
847 3502 969 3565 obsideat,
981 3513 1026 3555 aut
1044 3503 1131 3571 aliqua
1150 3505 1253 3573 querela

105 3599 108 3605 ,
144 3632 147 3637 ³
231 3578 243 3606 4
259 3570 387 3639 percellat,
398 3572 515 3641 ponnus
533 3584 710 3624 concurrentes
766 3572 819 3642 puli
843 3572 877 3624 ad
896 3571 1025 3626 basilicam
1044 3571 1122 3625 saneti
1148 3574 1254 3629 indietis

232 3640 1252 3779 mem
1298 3649 1300 3661 ’

230 3789 241 3816 4
259 3781 304 3832 scri
323 3779 435 3847 simus„a
448 3782 580 3835 Fortunato
591 3783 731 3853 presbytero
743 3782 911 3852 conscriptam
929 3731 1124 3853 cognovinpdsi
1153 3786 1257 3856 Oraga*
1297 3780 1300 3787 ’

228 3851 285 3904 rint
297 3799 439 3919 darmensis
450 3854 492 3906 De
502 3854 592 3914 Gloria
605 3853 777 3923 Corfiſjirum,
794 3870 851 3923 cap.
865 3872 883 3918 4
887 3872 910 3920 5.

267 3930 280 3958 4
288 3922 359 3998 gidus
370 3921 527 3993 Achates-a}
553 3923 613 3977 The
628 3924 725 3988 reader,
739 3923 760 3977 it
776 3922 798 3977 it
814 3922 956 3994 imagined‚.
974 3923 1037 3977 need
1051 3922 1145 3995 hardly
1160 3924 1191 4003 be
1201 3942 1253 4047 ἐξ

362 4012 365 4019 ·
1145 4012 1199 4047 nnn
